2984 4800
478 303 688 368 tintinnis
716 303 791 365 tlt.
821 306 846 368 1.
874 306 906 368 3·
1173 292 1223 368 21

142 457 260 522 τεόθτν
279 452 506 538 Πολομήόειόν
528 475 560 516 τι
580 450 771 544 μηχάνημα.ι
805 453 838 528 ἐς
857 454 918 533 μὲν
938 450 972 518 τό
996 453 1133 540 φανερόν
1152 456 1232 522 dua·

43 575 54 586 ¹
144 562 271 640 τυφλοῖ
286 553 342 617 τόν
363 551 552 634 Οὖρσόλιον·
594 553 650 616 καί
671 547 795 634 ἥπλωτο
808 555 868 630 μὲν
887 555 929 638 τῇ
945 555 1002 638 γῇ,
1023 551 1041 616 ό
1063 556 1099 619 δὲ
1119 554 1232 639 ditaret

145 657 246 738 ἐπῆγε
270 652 325 718 τόν
345 655 492 734 σίδηρον,
530 647 545 714 ό
567 653 602 716 di
624 649 804 734 ὲπωιλόρετό
829 674 863 716 τε
884 654 940 716 καί
957 649 1061 718 ἔστενε
1084 656 1229 740 καθάπερ

147 756 231 820 λέων
255 755 468 837 βρυχόμενος·
492 755 602 836 σχῆμα
631 753 666 814 δὲ
689 751 795 816 πάντα
817 742 897 835 ἦσαν
920 752 974 835 τῆς
994 755 1058 818 aar
1078 752 1232 835 όμμότων

115 851 397 936 delamentatur,
427 848 622 934 παρήγγελτο
652 851 687 914 δὲ
705 849 762 914 καί
788 849 871 937 ότηλ
898 847 987 928 δόξαι
1017 851 1265 938 τοφλαόμενοςῦ

146 954 229 1038 βοᾷν
248 974 283 1015 τε
303 952 358 1016 καί
376 954 571 1034 κεκραγέναι,
590 949 644 1014 καί
664 948 682 1014 ό
701 951 799 1032 μέχρι
820 950 876 1015 τοῦ
896 953 997 1015 δοκεῖν
1016 948 1090 1027 τοὺς
1107 953 1233 1039 dadai·

147 1048 231 1130 μυός
250 1046 422 1131 όξορόττων
440 1045 540 1132 ιλριμό
555 1072 587 1114 τε
611 1051 722 1137 ἐνορᾷν
736 1048 815 1133 πρὸς
835 1045 890 1114 τόν
907 1053 1080 1130 ἐκκείμενον
1099 1055 1155 1116 καί
1169 1077 1233 1132 μα·

148 1146 249 1232 νιοόόη
269 1147 308 1212 τό
328 1144 428 1212 πάντα
449 1149 546 1232 δρᾷν,
566 1149 685 1228 μᾶλλον
708 1149 744 1212 dt
765 1150 1019 1232 σχηματίζεσθαι
1037 1145 1095 1232 την
1115 1148 1232 1214 ἄποτό-

150 1253 284 1333 φλωσιν.
332 1246 388 1312 καί
407 1245 424 1310 ό
452 1251 512 1326 μὲν
533 1247 754 1332 α’πετυφλοότο
772 1246 817 1330 μη“
839 1245 1135 1332 οἶποτυφλοόμενος,
1158 1243 1174 1311 ὃ
1196 1249 1234 1314 di

103 1349 251 1429 ιοόῆμος
279 1345 398 1430 ἐκρότει
427 1344 483 1410 καί
511 1347 689 1427 πανταχόθι
715 1344 772 1428 την
795 1349 854 1409 τοῦ
876 1345 1052 1430 Ου’ρσελίου
1073 1344 1235 1432 τύφλωσιν

150 1441 321 1528 όιεβόμβει.
345 1450 446 1512 ταῦτα
466 1440 572 1528 ιόοπερ
590 1448 623 1510 όν
643 1446 738 1532 σκηνῇ
764 1443 1088 1529 όραματοοργηθόντα
1108 1449 1235 1511 πέπεικε

148 1543 204 1610 τόν
224 1537 318 1628 ὄχλον
339 1541 432 1626 ὅλον,
467 1540 538 1618 ὅσος
558 1541 711 1626 ἐγχώριος
733 1549 789 1610 καί
806 1539 879 1620 όοος
898 1542 1035 1628 ἔξωθεν,
1058 1546 1103 1620 είς
1123 1541 1236 1628 ἔρανον

149 1641 231 1708 κατὰ
250 1645 306 1720 τὰς
325 1647 479 1725 ’μελίσσας
492 1646 710 1725 συλλέγεσθαι.
752 1647 846 1710 τοῦτο
865 1642 928 1729 γόρ
954 1640 1039 1712 ἅπαν
1056 1641 1092 1712 τό
1109 1648 1236 1726 σκέμμα

149 1747 206 1828 τῆς
224 1737 365 1820 Ἀλεξίου
384 1739 573 1828 φρονήσεως,
593 1741 646 1806 ἵνα
668 1739 697 1806 οἱ
718 1741 798 1827 πρός
808 1741 843 1808 τό
862 1746 974 1810 derivat
981 1743 1133 1828 χρηματα
1155 1745 1234 1810 dua·

101 1853 140 1916 15
148 1847 255 1928 χεροίς
285 1841 409 1926 ἔχοντες
429 1841 484 1906 καί
506 1842 686 1926 οἶφελέσθαι
707 1839 762 1906 τόν
785 1842 959 1929 Οόροίλιον
978 1841 1235 1926 ἐπιβουλεύοντες
1243 1864 1296 1918 m

149 1945 186 2006 ἐκ
203 1945 267 2008 τῶν
279 1943 397 2026 χειρῶν
411 1941 552 2020 Ἀλεξίου
574 1939 696 2022 τούμοῦ
710 1939 847 2026 πατρός,
866 1941 1173 2028 εἶποκυιραιλοκηπωσί
1189 1966 1235 2022 τε,
1282 2005 1286 2012 ,

148 2041 194 2117 οός
213 2043 358 2106 ἐντεῦθεν
378 2039 488 2114 αὐτοῖς
511 2040 565 2123 τῆς
586 2041 754 2122 ἐπιβουλῆς
780 2043 963 2125 ἀνωφελοῦς
982 2043 1235 2126 καθεστηκυίας,

148 2141 207 2206 καί
224 2138 306 2221 ταχό
329 2136 409 2221 πρός
430 2135 466 2202 τό
488 2141 634 2222 βούλημα
654 2142 711 2201 τοῦ
731 2141 1009 2222 στρατοπεδάρχου
1032 2139 1234 2226 τράπωνται,

147 2243 205 2322 τῆς
237 2236 346 2321 πρώην
370 2239 576 2320 ἀστοχοῦντες
596 2237 730 2321 βουλῆς,
762 2234 860 2302 ου’τόν
878 2261 912 2303 τε
943 2236 1036 2325 φίλον
1056 2237 1236 2320 παυόμενοι

98 2364 141 2409 20
150 2342 208 2403 καί
234 2334 332 2422 όργην
359 2339 514 2418 βασιλέως
537 2339 733 2413 ἐκκλίνοντες.
782 2340 891 2405 τοῦτον
910 2337 1018 2405 τοίνυν
1036 2336 1120 2405 οὕτω
1138 2363 1237 2405 κατα·

150 2435 241 2519 σχεόν
270 2435 323 2502 τὸν
348 2428 518 2519 Οὖρσίλιον
549 2434 567 2500 ό
598 2434 785 2519 α’ξιόγαοτος
816 2440 1011 2523 στρατηγός,
1030 2434 1115 2523 εἶχεν
1135 2440 1179 2518 ὥς
1199 2442 1236 2507 ἐν

150 2534 291 2625 ζωγρείῳ
323 2533 381 2600 τόν
400 2538 526 2618 λέοντα,
556 2532 605 2601 ἔτι
627 2536 872 2619 ἐπικαλύμματα
890 2547 957 2615 τοῖς
978 2538 1156 2626 ὀφθαλμοῖς
1176 2544 1235 2628 φό-

168 2728 175 2751 '
223 2741 249 2793 ⁵.
266 2734 299 2795 τό
316 2736 402 2801 δόξαν
421 2738 451 2791 t.
558 2757 581 2809 7.
599 2741 761 2815 ἐγκείμενον
776 2743 807 2795 λ.
920 2745 946 2799 8.
964 2740 1186 2814 όιιοτυφλωσίαν
1202 2742 1236 2795 (i.

226 2828 267 2865 ro·
285 2809 465 2879 πανταχόθεν
483 2807 516 2861 G,
644 2830 681 2867 ιο.
702 2812 767 2870 ὅλον
785 2830 836 2867 osa.
854 2816 885 2867 Δ.
1012 2816 1050 2882 al·
1069 2807 1126 2886 πρό
1142 2814 1191 2869 τοῦ
1206 2815 1233 2867 Ρ.

223 2896 265 2934 an.
285 2884 408 2954 ζωγρείῳ
425 2884 462 2946 Α,
481 2883 589 2955 ζωγρίηι
607 2882 661 2936 PG.
742 2884 784 2940 ἔτι
802 2901 854 2938 aas.
871 2886 899 2939 P.

152 3054 302 3105 instructus
321 3060 392 3117 erut,
421 3070 478 3107 nan
504 3054 672 3118 sufficerent,
697 3054 886 3108 Palamedaum
910 3052 1046 3125 quandam
1074 3054 1237 3123 eawgitavit

152 3122 256 3175 dolum.
276 3124 385 3177 simulat
404 3140 545 3177 excaecare
563 3126 709 3191 Ποτιόλους
735 3126 811 3179 λιιιιπὶ
827 3128 982 3196 resupinato
999 3124 1119 3178 narniis:
1137 3116 1237 3178 ls'rrum

152 3195 298 3259 admovet3
326 3195 488 3247 lamentatur
514 3196 563 3247 ille
591 3206 673 3267 atque
693 3197 794 3261 ululat,
817 3206 849 3249 ut
865 3198 973 3249 leonem
995 3198 1084 3265 rugire
1104 3195 1236 3251 crederes.

152 3267 244 3317 arnniu
262 3266 425 3317 excaecandi
449 3268 566 3336 speciem
583 3284 647 3336 prae
680 3284 708 3319 sa
723 3267 865 3333 .lerabant;
884 3270 972 3320 iussus
990 3269 1062 3318 enim
1084 3274 1142 3317 erat
1156 3266 1238 3319 Urse-

150 3336 223 3398 lius‚
240 3336 289 3405 qui
308 3336 443 3387 excaecari
462 3338 628 3405 lingebatur,
647 3337 776 3397 clamores
788 3339 904 3402 toliere,
921 3339 1015 3407 etqui
1032 3336 1125 3388 oculos
1143 3352 1237 3391 eruere

151 3406 306 3467 videbatur.
324 3417 400 3461 torro
417 3416 580 3476 prostratum
597 3409 673 3461 vultu
695 3408 835 3478 adspicere
857 3426 889 3461 aa
907 3424 986 3460 saeva
1004 3407 1052 3459 illa
1069 3410 1158 3459 omnia
1176 3426 1239 3478 per·

153 3477 250 3539 licere,
277 3476 323 3527 vei
352 3480 444 3547 potius
473 3480 511 3531 ita
535 3496 630 3547 agera,
655 3496 687 3529 ae
714 3482 737 3533 si
763 3496 855 3531 revers
875 3487 1038 3531 excaecaret.
1057 3478 1095 3529 sic
1112 3496 1240 3530 exeaeca-

153 3556 196 3599 tus
214 3556 259 3599 est
276 3547 327 3598 ille
353 3566 409 3599 noa
432 3559 603 3614 excaecatum
631 3550 703 3617 vulgi
739 3558 830 3605 autem
853 3549 1005 3601 rumoribus
1026 3540 1130 3619 sibique
1150 3551 1240 3602 inere-

154 3617 246 3679 benit,
276 3617 411 3673 Ursulium
437 3630 608 3673 excaecatum
624 3636 691 3673 essa.
709 3622 777 3672 haec
794 3621 870 3672 velut
897 3622 926 3671 in
950 3636 1029 3672 scena
1057 3630 1116 3672 acta
1133 3637 1242 3673 omnam

152 3688 358 3740 multitudinem
385 3704 417 3741 eo
443 3690 628 3753 adducebant,
652 3698 684 3742 ut
705 3700 733 3743 et
760 3690 902 3759 indigenae
927 3699 957 3741 et
980 3691 1132 3759 peregrini,
1151 3692 1243 3761 apium

153 3774 236 3822 mure,
255 3759 392 3824 symbolas
414 3758 518 3813 darent
535 3761 588 3815 hoc
606 3761 676 3813 enirn
695 3760 1027 3824 eratAlesiieonsilium,
1044 3763 1139 3832 utqui
1158 3778 1243 3833 pecu-

154 3829 226 3881 niam
245 3827 465 3884 detrectaverant
488 3833 675 3901 Ursuliumqtee
702 3834 825 3883 emittere
849 3830 884 3883 de
913 3832 1037 3884 manibus
1054 3832 1143 3885 Alexii
1158 3833 1245 3903 patris

153 3900 207 3951 arei
225 3900 318 3952 moliti
341 3910 432 3963 erant,
460 3918 520 3954 aum
551 3902 580 3955 id
609 3919 739 3954 conamen
767 3902 820 3955 iam
837 3903 918 3955 inane
934 3903 1054 3955 laturum
1072 3912 1158 3962 esset,
1177 3918 1245 3954 eon·

153 3972 330 4039 quiescerent
348 3980 377 4023 st
400 3972 475 4023 illico
493 3973 547 4025 sibi
572 3972 645 4025 dicto
666 3972 809 4024 audientes
827 3978 933 4035 essent,
948 3973 1046 4043 prioris
1067 3973 1174 4025 consilii
1194 3988 1245 4041 spa

153 4042 297 4107 frustrati3
316 4057 371 4110 qua
391 4043 500 4111 quidem
532 4060 560 4095 re
580 4053 608 4096 et
625 4044 749 4095 attextum
773 4043 826 4095 sibi
843 4043 1037 4107 conciliarent,
1054 4052 1084 4095 et
1101 4044 1168 4111 ragis
1189 4042 1244 4093 ira·

153 4112 281 4165 cundiam
307 4112 448 4165 evitarent.
477 4113 525 4167 tali
549 4114 630 4166 modo
649 4132 709 4165 cum
731 4114 866 4165 Urselium
889 4116 919 4166 in
945 4115 1060 4166 vinruiis
1079 4112 1246 4165 admirabilia

154 4182 304 4253 imperator
323 4184 491 4249 retinuisset,
511 4184 657 4239 custodivit
679 4201 740 4239 eum
761 4193 890 4257 tanquam
906 4186 936 4239 lu
954 4202 1033 4239 cavea
1052 4185 1181 4250 λεοπεωῑ
1198 4193 1242 4236 at·
