2984 4800
551 321 790 389 PRAEFATIO.
1124 329 1208 390 xvn

12 481 13 484 ’
110 493 179 548 ,νου
202 464 305 538 κατὰ
327 460 452 551 τάξιν,
473 463 630 547 πλησίον
664 471 733 536 τοῦ
758 461 897 560 θρόνου
916 447 990 534 ’τοῦ
1013 463 1211 563 βασιλικοῦ

114 586 222 672 οὗτος
248 583 350 671 ἔστιν.
405 590 473 660 Ριο
490 615 564 686 quo
590 591 667 688 ipsa
693 588 902 662 doctissima
929 589 1102 690 Princeps
1122 593 1211 663 sori-

116 728 253 812 pserat:
287 711 526 794 εἰσελθόντος
550 705 592 784 δὲ
616 713 757 782 τούτου
782 705 945 794 ἐκτείνας
965 712 1033 791 τὴν
1054 720 1165 812 χεῖρα
1189 717 1212 785 ό

116 837 294 936 βασιλεὺς
324 835 386 938 καὶ
419 841 482 919 τῆς
515 835 651 910 ἐκείνου
680 839 866 931 ἁψόμενος
894 837 1037 938 χειρός,
1062 839 1126 909 καὶ
1144 840 1213 922 τόν

118 963 260 1045 συνήθη
297 966 378 1043 τοῖς
409 959 607 1058 βασιλεῦσι
633 962 925 1060 προσαγόρευσιν
958 963 1213 1057 ποιησάμενος,

116 1087 218 1178 ἐγγὺς
252 1091 322 1156 τοῦ
351 1083 550 1182 βασιλικοῦ
578 1087 845 1183 παρεστήσατο
881 1085 1028 1185 θρόνου.
1089 1088 1148 1160 sic
1177 1101 1214 1160 et

117 1211 184 1280 lib.
203 1215 259 1280 12.
270 1262 282 1302 ,
302 1209 367 1279 ubi
383 1209 598 1307 Dyrrhachii
611 1211 698 1280 situs
723 1209 955 1282 describitur:
977 1212 1017 1282 ἐν
1041 1211 1092 1306 τῷ
1115 1211 1215 1306 μεόῳ

119 1325 163 1403 δὲ
187 1327 265 1428 εἶχε
291 1331 447 1424 πέλαγος
471 1331 680 1424 ήπλομένον
705 1330 889 1401 πολὺκαὶ
919 1325 1080 1430 μακρόν·
1115 1333 1215 1404 ansul

117 1458 185 1547 μὲν
207 1453 253 1525 τό
279 1455 419 1536 πλάτος
453 1453 719 1552 παρατείνεται
749 1453 813 1525 καὶ
837 1450 1061 1542 ἐξαπλοῦται
1086 1458 1136 1538 εὶς
1160 1455 1212 1526 vol

117 1579 267 1678 πέραμα
292 1583 354 1661 τῆς
375 1577 548 1660 Ἰταλίας.
599 1581 696 1678 lpsa:
722 1581 761 1651 ἐν
785 1587 839 1674 τῷ
858 1579 958 1675 μέσῳ
974 1575 1016 1652 δὲ
1036 1582 1213 1679 ὑφήπλω-

117 1729 182 1774 ται
209 1703 365 1797 πέλαγος
389 1701 486 1773 πολὺ
511 1701 573 1772 καὶ
598 1701 749 1800 μακρόν,
771 1701 834 1773 καὶ
858 1702 956 1776 aava
981 1706 1123 1787 πλάτος
1145 1709 1213 1800 μὲν

115 1831 342 1925 παρατεῖνον
363 1828 412 1908 εἰς
435 1827 503 1908 τὴν
528 1825 683 1928 περαίαν
703 1833 775 1901 τῶν
803 1827 992 1901 Ἰταλῶν.“
1041 1831 1104 1903 His
1128 1855 1213 1927 spe-

117 1952 315 2024 ciminibus
341 1953 465 2023 insunt
489 1975 575 2023 sane
600 1929 724 2048 plura,
755 1977 849 2048 quae
875 1954 1128 2050 quotidianam
1152 1955 1211 2023 lo-

117 2076 258 2172 quendi
291 2073 593 2147 consuetudinem
627 2075 838 2170 redoleant,
871 2077 987 2173 qualis
1021 2076 1213 2172 hodieque

117 2199 216 2295 apud
242 2199 400 2270 Graecos
426 2201 578 2270 obtinet.
629 2197 702 2271 Nec
726 2211 851 2270 tamen
874 2200 1010 2296 vulgari
1030 2200 1152 2296 lingna
1168 2225 1212 2272 ea

117 2323 250 2419 scripta
277 2320 518 2416 crediderim,
550 2322 689 2419 quippe
722 2321 826 2419 quod
855 2323 912 2394 rel
936 2320 1210 2394 Comnenorum

117 2460 245 2540 aetate,
264 2444 401 2517 nedum
419 2446 463 2517 iis
477 2447 718 2543 temporibus,
737 2447 870 2543 quibus
889 2446 1213 2543 vixitEpitomator

117 2570 194 2664 iste,
221 2594 447 2664 sermonem,
471 2596 547 2666 quo
565 2570 670 2667 vulgo
684 2568 811 2641 Graeci
835 2572 1044 2661 utebantur,
1068 2572 1107 2641 in
1124 2572 1211 2641 bar-

116 2694 255 2764 bariem
282 2694 398 2764 multo
415 2692 616 2764 foediorem
638 2694 711 2764 iam
732 2692 979 2789 degenerasse,
1004 2694 1211 2787 certissimis

118 2818 339 2912 argumentis
369 2815 498 2888 videor
531 2816 622 2887 mihi
654 2816 813 2912 probare
837 2840 953 2912 posse.
1014 2816 1136 2907 Quare
1158 2818 1210 2887 sic

117 2953 248 3033 statam,
270 2940 575 3035 Epitomatorem,
604 2964 687 3011 cum
708 2938 915 3010 Alexiadem
941 2938 988 3011 ad
1009 2938 1208 3011 faciliorem

117 3062 390 3160 intelligentiam
418 3062 696 3134 accommodare
721 3063 846 3156 vellet,
876 3088 946 3160 pro
978 3063 1130 3134 vocibus
1150 3064 1209 3133 lo-

117 3185 332 3283 quendique
349 3188 511 3259 formulis
530 3186 837 3284 exquisitioribus,
853 3187 988 3282 quibus
1001 3187 1207 3257 orationem

115 3333 217 3380 suam
229 3310 333 3381 Anna
354 3309 529 3404 distinxit,
553 3310 698 3381 notiora
720 3310 867 3405 passim,
891 3308 1075 3381 interdum
1098 3311 1207 3381 etiam

115 3430 163 3501 de
186 3434 296 3505 trivio
323 3448 465 3527 sumta,
489 3434 722 3507 substituisse.
776 3430 880 3522 Quae
901 3432 1048 3504 licentia
1071 3432 1208 3527 effecit,

114 3569 176 3650 ut,
201 3556 387 3654 quidquid
420 3557 702 3654 discrepantium
734 3558 935 3628 lectionum
968 3555 1096 3649 babet,
1121 3581 1207 3653 per·

113 3704 226 3775 quam
253 3679 388 3753 dubiae
411 3682 632 3754 auctoritatis
651 3679 854 3778 putandum
880 3680 939 3751 sits
987 3676 1089 3770 Quin
1111 3679 1205 3751 adeo

113 3804 312 3901 pleraeque
348 3829 413 3880 ne.
428 3803 561 3903 dignae
592 3803 743 3902 quidem
777 3801 964 3896 ridentur,
998 3803 1134 3899 quibus
1164 3804 1206 3873 in

114 3925 299 3999 variarum
326 3927 539 4002 Lectionum
565 3940 740 4025 apparatu
772 3926 922 4023 angulus
946 3924 1180 3997 concedatur.

213 4050 267 4121 Ab
302 4050 361 4123 bis
388 4052 565 4147 Epitomis
603 4049 742 4124 diversa
775 4062 813 4120 et
843 4051 958 4122 multo
983 4048 1132 4119 maioris
1157 4045 1206 4118 ad

113 4173 224 4244 crisin
249 4176 429 4247 momenti
446 4190 499 4247 est
513 4172 774 4247 alia-Alexiadis
786 4174 966 4270 Epitome,
987 4172 1090 4243 libris
1101 4170 1205 4264 vlit,

181 4304 263 4355 Anna
280 4302 430 4359 comnena.
