2984 4800
264 221 352 321 42⁰
603 246 741 311 uuum
776 242 999 311 couumtu

236 399 446 469 couvee'rromo
465 397 566 483 ου’τιηῖ.
606 394 660 460 τόν
676 394 782 477 Φάρον
799 394 905 459 τοίνυν
924 391 1123 475 καταλαβών,
1142 395 1187 467 εἷς
1207 393 1277 477 φάς
1297 388 1357 475 την

266 499 382 578 σκῆψιν
404 494 573 579 προήγαγε.
621 498 677 558 καί
708 492 942 574 α’ναλαβόμενος
968 490 1004 556 τό
1035 493 1162 556 παιδίον
1183 492 1239 555 καί
1253 492 1354 572 ἐμβα·

266 592 330 657 λιόν
352 596 396 667 εἰς
420 591 560 675 όλκάδα,
589 595 633 680 τῷ
662 596 718 657 τοῦ
742 592 872 657 Πόντου
903 590 1002 677 ῥοθίῳ
1028 584 1143 655 ἑαυτόν
1164 614 1198 656 τε
1220 588 1277 653 καί
1295 588 1355 653 τόν

267 690 339 757 υἱόν
359 693 511 777 ἐπαφῆκε.
564 687 759 774 μεμαθηκώς
787 692 822 753 δὲ
842 692 936 753 τοῦτο
965 685 1220 772 δαδτοκράτωρ,
1237 690 1355 752 θάττον

267 784 289 875 ἢ
310 790 399 873 λόγος
430 786 593 873 δρομάδας
624 793 702 871 νῆας
719 796 785 852 κατ’
813 788 916 851 αότοῦ
937 788 1119 871 ἐξέπεμψεν,
1140 784 1382 866 όντειλάμενοςὸ

233 892 236 897 ‘
267 898 333 963 τοῖς
354 889 579 970 άπερχομὲνοις
610 892 654 974 τῷ
674 890 733 968 μὲν
759 890 789 951 Γ
788 888 872 973 αβρᾷ
890 887 946 961 τάς
965 885 1043 968 πρός
1063 882 1160 948 αὐτόν
1180 882 1356 965 σ’γχειράναι

268 984 411 1072 γραφάς,
446 984 481 1050 τό
505 986 541 1049 δὲ
570 988 697 1049 παιδίον
728 990 865 1050 σπεῦσαι
893 982 972 1065 μετά
1004 984 1060 1065 τῆς
1089 984 1209 1046 ἐκείνου
1230 980 1356 1063 γνιόμης

268 1086 509 1169 ἀναλαβέσθαι,
537 1088 569 1151 εἰ
586 1084 629 1169 μη
661 1076 724 1167 άρα
746 1080 865 1165 ἐχθρόν
895 1080 952 1147 ’τόν
973 1079 1188 1163 αὐτοκράτορα
1209 1075 1356 1160 βοόλοιτο

268 1182 444 1265 ἐσχηκέναι.
486 1182 762 1265 καταλαμβάνουσι
782 1184 886 1246 τοίνυν
908 1173 1029 1253 αότοός
1050 1176 1080 1242 oi
1098 1176 1284 1250 ἀπελθόντες
1303 1173 1356 1239 ἕν-

234 1284 325 1345 Drica
343 1281 542 1365 τῆςΑἷγίνου
561 1282 681 1355 πόλεως
699 1276 781 1345 κατά
801 1277 961 1361 τὴνπόλιν
981 1277 1038 1361 την
1058 1273 1177 1342 οότωσί
1195 1274 1356 1359 δγχωριλος
1369 1305 1405 1345 10
1483 1311 1484 1328 ι

270 1378 446 1463 Κάραμβιν
476 1382 676 1463 καλουμένην.
725 1380 780 1442 κατ’
800 1376 841 1461 δη
861 1375 920 1451 τάς
940 1374 1108 1456 βασιλικάς
1128 1377 1358 1457 ἐγχειρισαντες

268 1476 405 1562 γραφάς,
428 1481 468 1541 δι’
492 1470 537 1543 ὧν
560 1472 795 1561 δαότοκράτωρ
819 1480 976 1562 ἐνέφαινε,
996 1478 1057 1560 μιηῖ
1076 1478 1138 1539 τῶν
1157 1477 1241 1553 ἐμῶν
1261 1472 1357 1537 ‹ttet-

219 1584 227 1597 ‘
270 1578 342 1659 φαῖν
362 1577 398 1640 τὸ
422 1576 733 1658 retrovertentur
747 1575 957 1657 συναρμόσαι,
977 1575 1033 1638 κατ’
1051 1571 1151 1638 πολλά
1172 1566 1254 1636 titan
1275 1569 1358 1653 πρός

270 1671 371 1738 αὐτόν
392 1670 581 1758 οδμιληκόιες
602 1678 767 1739 πείθουσιν
786 1676 948 1755 ἐκπέμψαι
966 1670 1020 1737 τόν
1041 1670 1122 1741 υἱόν.
1163 1666 1259 1753 όνπερ
1279 1675 1359 1734 θεα-

269 1769 405 1851 σάμενος
425 1769 442 1835 δ
465 1765 672 1854 αότοκράτιορ
693 1774 749 1835 καί
780 1769 835 1835 διά
857 1776 919 1837 τῶν
940 1767 1088 1853 συνήθων
1111 1768 1279 1855 ἐγγράφων
1300 1768 1407 1850 pri-15
1483 1763 1484 1768 ¹

269 1895 331 1935 νων
350 1870 436 1953 τάχα
458 1868 492 1936 τό
516 1868 720 1953 συνάλλαγμα
747 1869 943 1951 ἑμπιδιόσας,
963 1871 1151 1957 παιδαγωγῷ
1170 1871 1359 1954 παραδέδω-

271 1992 323 2031 κεν
343 1964 391 2035 ἔνι’
410 1972 473 2035 τῶν
494 1974 549 2053 τῆς
569 1969 730 2052 βασιλίδος
751 1967 967 2052 θεραπόντων,
992 1966 1131 2051 Μιχαὴλ
1151 1969 1195 2055 τῷ
1215 1970 1356 2056 ἑκτομάγ,

271 2062 344 2155 κᾷθ’
366 2062 450 2134 eiiam
481 2068 556 2151 περὶ
580 2066 618 2133 τό
647 2064 806 2151 α’νάκτορα
838 2069 1076 2149 ἐνδιατρίβοντα
1111 2071 1227 2149 πολλῆς
1248 2069 1358 2145 ἐπιμε-

173 2184 202 2233 v.
216 2197 260 2249 ιρι
273 2172 358 2244 λείας
378 2168 478 2252 ἠξίου,
497 2162 537 2231 τά
549 2190 583 2231 τε
593 2159 658 2250 ἤθη
669 2164 894 2249 διορθούμενος
912 2170 967 2229 καί
978 2168 1082 2228 πάσαν
1093 2167 1241 2229 παιδείαν
1261 2189 1359 2248 στρα-

273 2264 417 2347 τιωτικὴν
445 2264 645 2329 ἐκδιδάσκων.
695 2263 788 2328 όπυῖα
809 2266 846 2328 δὲ
874 2261 913 2329 τά
935 2266 996 2327 τοῖν
1018 2266 1113 2341 νέων,
1138 2262 1181 2346 μη“
1204 2260 1409 2346 βουλόμεναι)

171 2384 199 2436 Ρ.
213 2382 264 2454 ata
274 2388 325 2440 νος
347 2360 427 2440 όλως
447 2360 691 2430 δποτάσσεσθαί
702 2387 775 2445 τινι,
797 2365 915 2448 ἠνιᾶτο,
935 2360 980 2440 aig
997 2361 1043 2467 μη
1064 2357 1282 2447 προσηκούσης
1301 2365 1358 2447 δη·

348 2572 373 2622 5.
392 2571 545 2642 ἐξέπεμψεν
563 2569 625 2634 CG,
644 2569 798 2640 ἐξέπεμπεν
816 2573 844 2623 Ρ.
932 2573 958 2624 6.
977 2570 1182 2642 δπαρχομίναις
1197 2568 1225 2634 Ρ,
1242 2570 1358 2638 ἔνορχα·

344 2645 442 2712 μένοις
459 2642 491 2702 G,
511 2648 580 2691 recte
598 2642 627 2693 C·
733 2641 865 2712 Γιιυρηὶῢ
883 2640 926 2691 hio
943 2649 972 2692 et
988 2643 1066 2692 inira.
1183 2655 1210 2704 9.
1228 2639 1309 2693 αδισι
1327 2639 1356 2690 C.

350 2727 388 2760 rr.
407 2708 538 2778 Κάραβον
555 2709 610 2760 CG.
663 2709 904 2782 ιη.τῶνοδδ.(λ
961 2728 999 2782 ¹9·
1021 2707 1258 2778 ἧθηο6,ἧδηΡ.
1313 2723 1357 2760 τι.

346 2778 431 2846 δῆθεν
452 2777 514 2830 add.
534 2777 563 2830 C.

278 2985 335 3018 rum
353 2967 471 3030 animoa,
495 2983 578 3037 reque
603 2975 634 3020 ut
651 2968 856 3034 comitarentur,
878 2970 967 3020 evicit.
1011 2969 1123 3020 Pharum
1142 2969 1180 3019 sic
1199 2976 1358 3037 provectui,

278 3037 347 3107 quid
364 3039 463 3100 veliet,
489 3038 628 3106 patefecit.
671 3055 732 3089 nam
751 3048 858 3108 arrepto
886 3057 969 3107 puero
990 3047 1018 3090 et
1042 3040 1072 3090 in
1097 3041 1247 3090 onerariam
1265 3057 1359 3090 narem

278 3111 415 3170 coniecto,
442 3109 521 3158 maria
545 3107 670 3160 fluctibus
696 3125 725 3158 ae
754 3111 895 3178 filiumque
922 3110 1065 3161 commisit.
1102 3109 1176 3178 quod
1196 3109 1361 3178 simulatque

278 3180 424 3246 imperator
444 3179 583 3245 coguovit,
601 3177 672 3228 dicto
686 3179 766 3230 citius
783 3180 887 3230 celoces
904 3181 986 3241 misit,
1002 3178 1155 3231 vectoribus
1173 3179 1310 3241 mandans,
1329 3189 1362 3232 ut

280 3250 386 3299 Gaurae
404 3249 507 3299 litteras
523 3246 559 3298 ad
576 3265 637 3300 eum
655 3247 730 3300 datae
751 3249 903 3311 redderent,
921 3266 1088 3319 puerumque
1106 3251 1253 3301 tinemuta
1270 3249 1305 3299 ab
1326 3267 1360 3302 eo

279 3327 448 3387 repeterent,
465 3319 507 3369 ain
525 3328 649 3386 negaret,
670 3320 764 3388 utique
791 3321 956 3372 minarentur
975 3321 1080 3372 bostem
1100 3321 1153 3390 ipai
1171 3321 1362 3388 imperatorem

280 3389 347 3440 iore.
391 3395 572 3458 assequuntur
601 3390 716 3440 Guurem
743 3391 809 3440 citra
826 3391 956 3457 Aeginum
977 3391 1088 3452 urbem,
1118 3388 1153 3440 ad
1174 3389 1303 3458 oppidum
1326 3389 1361 3440 ab

280 3459 414 3526 iudigeuia
433 3458 580 3510 Carambim
599 3459 773 3527 appellatum.
810 3463 901 3512 rtatim
918 3460 1036 3512 reddunt
1063 3462 1231 3528 imperatoria
1249 3461 1363 3522 litterae,

281 3529 378 3596 quibua
408 3545 436 3579 ae
468 3545 587 3580 tororum
616 3546 733 3580 mearum
764 3547 843 3580 unam
861 3547 946 3600 puero
971 3534 1000 3582 in
1026 3531 1225 3582 matrimonium
1237 3529 1362 3582 datnmm

282 3595 461 3665 significabat,
481 3607 509 3650 et
528 3600 619 3650 multis
642 3598 676 3650 ad
705 3615 765 3652 eum
785 3601 872 3652 verbis
901 3601 986 3663 iactis,
1009 3601 1119 3652 tandem
1139 3599 1312 3669 persuadent,
1332 3610 1363 3653 ut

197 3724 204 3732 ,
281 3669 366 3720 sdiuur
382 3670 537 3720 remitteret.
565 3685 643 3738 quem
663 3678 693 3720 ut
710 3671 854 3738 imperator
873 3671 942 3722 vidit
959 3681 988 3723 et
1004 3671 1132 3740 legitimis
1150 3671 1238 3722 nolum
1258 3673 1363 3738 pactio-

282 3736 363 3788 nibus
380 3740 508 3789 continuo
529 3741 636 3808 nuptiae
657 3739 781 3802 firmavit,
800 3740 954 3809 paedagogo
973 3759 1086 3811 puerum
1107 3739 1229 3802 tradidit,
1248 3741 1364 3792 samnio-

283 3826 340 3858 rum
364 3809 538 3875 imperatricis
561 3810 621 3871 uni,
654 3809 782 3861 Michaeli
805 3813 937 3862 eunucho.
982 3829 1014 3863 ao
1031 3813 1115 3863 muita
1136 3809 1315 3862 dehineeum
1335 3813 1365 3862 in

283 3879 385 3946 palatio
403 3887 610 3932 commorantem
628 3895 690 3930 cura
712 3881 880 3948 complexui,
908 3890 936 3933 et
952 3899 1039 3933 morea
1059 3881 1239 3933 adolescentis
1256 3881 1292 3932 ad
1312 3881 1364 3932 bu-

283 3949 440 3999 manitatem
458 3949 618 4014 iniormavit,
637 3960 666 4001 et
682 3951 822 4002 universae
841 3953 878 4001 rei
902 3952 1026 4004 militarie
1044 3953 1156 4004 scientia
1175 3950 1290 4003 eundem
1311 3953 1363 4002 im-

284 4017 353 4068 buit.
388 4033 478 4068 verum
496 4029 527 4070 ut
544 4027 606 4071 aunt
633 4037 775 4088 puerorum
801 4023 924 4088 ingenia,
949 4040 1008 4073 cum
1026 4039 1120 4092 parere
1137 4039 1245 4090 proraua
1267 4024 1363 4083 nollet,

284 4087 482 4155 indignabatur,
509 4089 582 4158 quod
603 4090 667 4141 iusti
688 4092 792 4144 scilicet
815 4090 867 4142 ribi
891 4093 1007 4145 honoret
1027 4109 1083 4146 uon
1100 4093 1275 4145 haberentur.
1311 4092 1364 4144 hun
