2984 4800
257 266 342 358 236
599 296 737 360 leuse
769 274 992 362 condense

251 465 330 525 σας,
357 444 519 533 superetur
552 439 649 520 αδθις
669 449 742 526 παρ’
762 442 882 510 ἐκείνου
911 443 1069 529 τυγχάνει.
1110 442 1244 512 κᾶπειτα
1263 447 1346 532 πρὸς

253 542 289 610 τὸ
309 543 486 630 Σαλερηνόν
507 545 735 628 ἐπανέρχεται,
756 549 812 626 τῆς
836 546 871 607 ἐκ
891 549 955 609 suiv
975 551 1096 611 πολλῶν
1112 544 1226 628 μόδιον
1247 569 1346 612 ruso.

253 647 388 720 παθείας
407 641 524 708 ἓαοτδν
544 643 803 726 άνακτησόμενος.

204 819 208 826 μ
333 745 364 826 4.
405 746 492 806 Μετ’
512 739 552 805 ον’
578 740 659 806 πολι)
682 743 718 806 δὲ
740 739 977 822 καταλαμβάνει
1002 746 1114 808 τοῦτον
1139 742 1344 824 δΒαῖμοδν·

252 865 316 922 τος,
338 839 396 924 τήν
416 839 628 924 α’γγελιαντῆς
640 841 859 924 ε’πισνμβάσης
873 840 958 924 αὐτῷ
977 833 1070 923 ἥττης
1091 843 1146 907 ἕπτ’
1163 846 1221 907 τοῦ
1243 851 1375 925 προσ-5

250 941 338 1006 einos
360 944 476 1026 φέρων.
529 935 615 1015 ὅπως
641 941 677 1004 δὲ
696 941 845 1017 ξυνέπεσε
862 937 904 1004 τά
925 942 980 1021 τῆς
998 937 1098 1023 τάχης
1125 941 1227 1030 αὐτῷ,
1248 939 1265 1003 δ
1283 949 1344 1006 λο-

248 1060 303 1121 γος
320 1031 381 1123 ἤδη
402 1036 545 1124 δηλάσει.
601 1041 657 1102 καί
674 1037 736 1121 γάρ
763 1042 827 1124 τῶν
854 1040 973 1104 ε’κείνοα
1001 1025 1197 1123 μεμνημένος
1217 1063 1341 1124 παραγ·

247 1137 431 1221 γελμάτων,
454 1141 509 1202 καί
530 1129 633 1214 δι’λλοος
654 1140 688 1202 δὲ
710 1139 893 1223 Ἀρηίφιλος
916 1132 961 1202 oie
980 1137 1060 1222 ἀνὴρ
1080 1141 1137 1204 κατ’
1156 1141 1343 1224 φιλοκινδυ-

247 1234 393 1319 νότατος,
423 1235 520 1319 α’πρίξ
546 1238 600 1321 τῆς
620 1235 700 1300 κατά
730 1241 789 1302 τοῦ
815 1239 971 1318 βασιλέως
1000 1237 1105 1322 μάχης
1126 1235 1243 1321 εἴχετο.
1286 1241 1345 1303 κατ’

247 1333 304 1410 τάς
324 1337 408 1413 ἰδίας
428 1338 579 1418 δυνάμεις
603 1335 853 1418 α’ναλαβόμενος,
887 1340 1162 1422 σννεφεπομὲνους
1183 1334 1268 1418 ἔχων
1286 1339 1391 1404 καίεο

248 1433 360 1500 dudunt
393 1436 630 1518 ε’λλογιμάτεροι
658 1434 714 1498 καί
732 1433 861 1518 λογάδες
885 1434 1053 1515 Ῥωμαίων
1073 1441 1266 1519 στρατιῶται
1286 1436 1344 1500 κατ’

219 1530 393 1620 Οῆγεμὸνες
407 1537 471 1600 ταῖν
484 1531 570 1619 παρά
591 1537 649 1599 τοῦ
658 1529 852 1618 Ῥομπίρτου
872 1539 1132 1616 κατασχεθεισοδν
1148 1539 1267 1621 χωραῑν
1285 1535 1344 1600 κατ’

246 1633 387 1716 πόλεων,
419 1643 431 1716 (
436 1629 644 1716 ἀπεγνωκότες
670 1631 730 1716 γάρ
761 1631 910 1712 καθάπαξ
929 1636 988 1698 τοῦ
1005 1633 1251 1716 αὐτοκράτορος,
1272 1631 1342 1698 ὅλοι

246 1734 303 1816 τῆς
332 1735 391 1796 τοῦ
410 1728 615 1812 Βαϊμοδντοα
636 1729 783 1814 γεγόνασι
816 1731 977 1817 γνάμης,)
1009 1731 1247 1814 καταλαμβάνει
1279 1732 1336 1796 διά

248 1833 304 1914 τῆς
324 1833 519 1914 Βαγενητίας
537 1827 574 1896 τά
595 1827 770 1912 Ἰωάννινα,
802 1830 858 1896 καί
875 1828 1000 1917 τάφρον
1019 1828 1101 1896 κατά
1122 1829 1197 1906 τοδς
1218 1828 1339 1912 ἔξωθεν
1353 1840 1390 1900 15

248 1931 464 2012 διακειμένους
494 1923 682 2011 ἀμπελῶνας
710 1927 844 2013 ποιὴάας
869 1928 1024 2014 πρότερον
1031 1978 1042 2012 ,
1070 1924 1137 2011 άμα
1166 1931 1203 1994 δὲ
1225 1935 1280 1994 κατ’
1298 1927 1337 1994 τδ

247 2023 409 2094 δπλιτικόν
422 2021 507 2094 duur
522 2029 555 2094 δν
569 2027 741 2111 ἐπικαίροις
755 2029 864 2105 τόποις
883 2033 1108 2110 καταθέμενος,
1130 2029 1231 2104 αδτδς
1252 2027 1342 2106 ἐντδς

247 2124 306 2204 τάς
327 2126 441 2214 σκηνάς
464 2124 611 2212 ἐπήξατο.
653 2126 692 2193 τά
715 2130 751 2193 δὲ
779 2130 868 2212 τείχη
888 2126 1109 2214 περιαθρήσας
1128 2129 1185 2192 καί
1203 2126 1263 2210 την
1282 2131 1343 2192 τοῦ

246 2227 381 2313 κάστροο
396 2227 565 2312 οἷκράπολιν
584 2229 747 2313 ἐπισφαλῆ
769 2223 930 2310 διαγνούς,
952 2229 993 2290 ον’
1010 2222 1107 2308 μόνον
1121 2223 1222 2310 αὐτην
1243 2227 1341 2310 οἰναρ-

247 2330 345 2411 dode,
379 2326 423 2405 οδς
443 2325 530 2410 ἐνόν,
559 2325 720 2411 ἠπείγετο,
750 2323 831 2390 ἄλλά
860 2323 918 2393 καί
944 2321 1055 2411 ἑτέραν
1087 2327 1121 2390 ἐν
1141 2317 1227 2413 άλλῳ
1247 2329 1338 2410 μέρει
1349 2355 1390 2396 20

317 2564 341 2599 n.
360 2542 505 2617 σαλερινδν
524 2546 556 2599 G.
676 2545 788 2601 πολλῶν
807 2562 860 2601 om.
879 2544 935 2599 CG.
1039 2544 1141 2615 μόδιον
1158 2542 1195 2607 C,
1217 2540 1341 2615 μόχθων

316 2618 374 2681 Pl,
390 2616 491 2689 μύθων
505 2616 537 2667 G.
624 2634 650 2687 9.
668 2616 715 2681 τῆς
732 2615 794 2670 add.
813 2616 864 2667 Fe.
962 2616 999 2683 ιη.
1017 2620 1140 2685 γέγοναν
1159 2614 1188 2665 C.
1298 2616 1337 2666 15.

317 2692 488 2757 Βαγενητίας
506 2686 559 2752 PF,
574 2691 735 2758 ραγενετίας
752 2689 789 2750 Δ,
810 2690 965 2757 βεγενετίιις
982 2686 1005 2737 G
1024 2688 1094 2739 etin
1109 2686 1231 2751 margine
1248 2686 1339 2737 “sorte

317 2760 515 2825 Γλαβινλιζης”.
596 2760 636 2812 16.
656 2756 846 2829 διακειμένους
869 2774 921 2807 om.
942 2756 997 2813 CG.
1091 2773 1131 2825 ιη.
1147 2747 1293 2822 ὁπλητικὸν
1310 2758 1340 2807 P.

322 2832 360 2883 18.
377 2830 492 2891 ἐπίξιιτο
510 2826 537 2879 Ρ.
626 2825 693 2883 τάδε
711 2828 739 2892 Ρ,
755 2822 787 2881 τά
808 2828 839 2883 δὲ
856 2826 889 2881 G.

250 3044 335 3107 titus,
363 3058 416 3094 una
434 3058 494 3094 eum
512 3058 583 3113 psps
602 3040 713 3093 Rolnam
730 3055 822 3094 versus
840 3039 894 3094 iter
910 3037 1025 3104 direxit3
1043 3052 1125 3108 quem
1143 3052 1204 3088 eun
1222 3034 1252 3087 in
1272 3037 1341 3088 sede

249 3114 446 3176 confirmasset,
471 3114 529 3184 ipse
549 3112 665 3165 vicissim
684 3112 718 3163 ab
745 3127 780 3163 eo
798 3127 845 3163 rex
861 3111 1040 3163 renuntiatur.
1058 3108 1124 3160 dein
1143 3107 1286 3159 Salernum
1307 3123 1340 3159 se

249 3185 382 3249 eontulit,
400 3194 481 3237 uter
499 3184 592 3237 multis
611 3184 679 3236 belli
696 3182 839 3247 iubos-ibus
855 3197 885 3235 se
902 3181 1031 3233 reficeret.

320 3260 345 3325 4.
381 3254 464 3307 Paulo
482 3264 544 3325 post
554 3253 721 3307 boemundus
735 3252 771 3305 ed
789 3269 850 3305 eum
868 3252 1001 3323 pervenit,
1018 3256 1144 3319 acceptae
1161 3247 1246 3300 cladis
1264 3266 1338 3300 nun-

249 3328 317 3379 tium
335 3329 364 3377 in
381 3327 458 3379 vultu
476 3326 573 3379 serens.
592 3341 672 3395 quern
691 3324 830 3395 quornodo
844 3324 953 3376 iortnns
972 3322 1105 3384 afflixerit,
1124 3320 1252 3388 deinceps
1272 3336 1338 3370 nar-

249 3398 376 3451 rabimus.
393 3413 456 3449 nem
480 3414 541 3447 eum
567 3396 590 3449 is
610 3396 694 3465 patris
712 3402 856 3466 praecepte
869 3394 963 3463 ,probe
979 3400 1087 3444 teneret
1107 3399 1143 3443 et·
1154 3390 1278 3460 alioquin
1294 3390 1339 3441 vir

250 3476 321 3521 esset
336 3468 413 3519 fortis
433 3477 515 3538 utque
533 3466 568 3518 ad
585 3467 704 3535 pericula
724 3466 950 3536 promptissimus,
969 3478 1078 3533 pugnee
1095 3478 1155 3512 cum
1171 3462 1339 3529 imperaturo

248 3538 431 3591 conserendae
460 3540 627 3591 occasionem
653 3537 779 3608 captavit.
798 3538 891 3606 itaque
909 3550 970 3586 cum
987 3533 1074 3602 copiis
1090 3533 1162 3595 suis,
1179 3532 1339 3583 comitanti·

248 3610 300 3661 bus
310 3612 399 3673 etiem,
408 3616 545 3681 quotquot
554 3610 733 3660 Romanorum
751 3606 853 3660 milites
868 3607 933 3657 lecti
945 3604 1083 3674 ducesque
1098 3620 1132 3654 ex
1150 3603 1235 3671 ceptis
1254 3604 1335 3653 ello-

248 3680 327 3733 berto
348 3680 500 3748 regionibus
529 3677 698 3748 urbibusque
717 3677 934 3746 transfugerant,
958 3676 1028 3743 (oum
1047 3673 1120 3725 enim
1134 3672 1169 3724 de
1185 3673 1335 3742 imperato-

249 3752 286 3802 ris
306 3748 384 3802 rebus
410 3753 518 3803 omnino
537 3750 721 3819 desperarent,
739 3755 799 3800 toto
812 3748 903 3799 animo
924 3745 1037 3797 obnoxii
1054 3742 1208 3796 boimundo
1227 3752 1306 3795 erent
1313 3745 1336 3815 ‚)

248 3838 298 3891 per
317 3821 485 3888 lingenetism
511 3820 662 3873 lubnnnina
686 3819 824 3890 profectus
844 3826 895 3870 est.
924 3815 972 3867 ubi
992 3832 1052 3867 cum
1081 3814 1183 3867 vallum
1202 3813 1232 3865 in
1250 3814 1339 3865 eineis

249 3900 323 3944 extre
344 3892 438 3943 urbem
457 3891 516 3942 sitis
535 3892 650 3961 primum
677 3892 801 3954 iecisset,
828 3889 1032 3956 exercitumque
1057 3887 1210 3937 universum
1228 3882 1339 3937 idoneis

131 3974 133 3980 ’
249 3960 427 4031 disposuisset
446 3962 625 4025 stelionibus,
644 3962 703 4031 ipse
721 3962 795 4013 intus
822 3968 908 4011 cestre
926 3959 1026 4028 posuit.
1044 3956 1243 4008 morosiorem
1259 3963 1339 4025 post..

249 4050 331 4103 quem
348 4032 513 4102 exploserit,
533 4041 561 4083 et
578 4048 665 4084 urcem
684 4048 779 4102 purum
796 4030 900 4083 firmans
916 4028 1061 4088 intellexit,
1079 4044 1135 4077 non
1157 4025 1238 4079 modo
1260 4026 1340 4077 illem

250 4104 411 4167 restituere,
430 4109 560 4171 quantum
578 4112 679 4171 posset,
697 4102 816 4166 studuit,
833 4101 882 4155 sed
902 4110 931 4153 et
950 4101 1062 4152 atteram
1080 4097 1109 4148 in
1128 4096 1180 4147 elia
1196 4094 1340 4149 moenium

251 4184 338 4245 perte,
356 4172 402 4227 ubi
419 4174 502 4241 surgis
515 4172 683 4225 commodum
703 4172 855 4237 ridebatur,
872 4172 966 4225 turrim
986 4168 1165 4224 firmissimam
1184 4166 1333 4221 exstruxit:
