2984 4800
442 279 828 356 numismatibus.
857 297 891 362 ε.
1148 291 1231 380 297
1336 329 1339 334 ·

144 445 209 512 τάν
230 443 266 508 dd
281 444 375 510 τινων
404 441 630 526 παρελθουσῶν
649 441 799 527 η’μεριόν,
823 441 961 526 στίφους
983 439 1069 524 'sedai
1092 443 1235 520 α’ξιυύσιν

145 543 178 610 oi
198 551 307 627 γονεῖς
321 544 379 608 καί
393 541 559 624 βασιλικοῦ
581 537 785 624 διαδήματος.
833 540 905 607 ἐπεί
920 543 967 621 δύ,
986 543 1235 608 Κωνσταντιλιου

145 645 203 710 τού
222 641 297 707 cieri
316 643 375 704 τού
393 639 713 725 προβεβασιλευιιότος
725 632 866 724 Maluit
885 639 1083 721 τούΔούκα,
1104 641 1180 723 περί
1197 628 1237 704 ού

145 737 297 816 πολλάκις
318 736 335 805 ό
354 735 445 822 λόγος
465 735 617 822 ἐμνήσθη,
640 735 929 820 συμβασιλεύοντος
948 736 997 804 ἔτι
1015 740 1059 827 τῷ
1079 735 1237 822 αύτοκρά-

116 845 219 926 §seps
241 841 299 905 καί
323 839 390 926 ίμρό
422 834 518 919 πατρί
543 837 602 904 κάν
622 844 693 912 ταῖς
713 839 849 922 δωρεαῖς
869 839 911 903 δι’
933 841 1081 922 spossus
1100 853 1267 906 cusano-c

145 935 326 1026 γράφοντος
344 933 443 1025 τούτῳ
461 935 601 1012 κάνταῖς
615 946 817 1020 προπομπαῖς
830 935 912 1019 μετά
928 937 1042 1021 τιάρας
1056 937 1143 1024 αύτῷ
1162 959 1238 1002 συν·

90 1067 94 1075 ·
146 1039 346 1126 εφεπομίνου
380 1039 440 1102 κάν
473 1043 543 1114 ταῖς
579 1038 753 1122 εύφημίαις
788 1039 936 1122 δευτέρου
973 1039 1240 1124 εύφημουμένου,

148 1132 236 1220 adyta*
269 1133 487 1222 εύφημεῖσθαι
514 1133 666 1218 ἔμελλον,
700 1139 943 1202 normannos
982 1136 1038 1202 καί
1062 1130 1180 1205 Ἄνναν
1204 1136 1241 1200 όν

149 1230 258 1326 scirpi
277 1232 455 1322 δξεφάυουν
475 1237 510 1301 όν
529 1243 596 1312 τοῖς
614 1239 670 1320 τῆς
689 1235 853 1323 εδφημίας
872 1243 994 1320 καιροῖς
1014 1233 1044 1302 oi
1063 1238 1121 1321 τῆς
1141 1229 1242 1322 εύφη-

101 1340 229 1420 τομίας
248 1333 505 1422 προτξάρχοντες.
546 1338 601 1400 καί
620 1337 713 1401 τούτο
726 1334 766 1420 δι’)
786 1337 885 1420 μέχρι
900 1338 1018 1422 καιρῶν
1037 1334 1153 1401 ἱκανῶν
1172 1337 1241 1400 δτι·

150 1442 244 1518 utro,
265 1431 309 1512 τίς
328 1437 430 1518 νόμον
449 1440 516 1501 τάν
536 1438 694 1520 συγγενῶν
711 1433 769 1501 καὶ
788 1436 874 1518 ἐμάν
885 1431 1079 1522 γεννητόρων
1096 1437 1132 1502 όν
1150 1433 1242 1500 ύοτί·

150 1556 222 1620 ροις
243 1532 394 1610 πολλάκις
426 1536 639 1620 διηγουμένων
664 1529 798 1619 άκὴκοα.
851 1531 1079 1622 προμάντευμα
1110 1537 1147 1602 δὲ
1165 1531 1243 1611 ἴσως

152 1634 247 1700 τούτο
265 1636 330 1698 τάν
350 1633 424 1715 ε’μοί
436 1629 656 1717 ξυμπινόντων
669 1625 710 1717 ἦν
729 1631 793 1700 εἴτε
804 1635 1042 1720 εδτυχημάτων,
1061 1631 1126 1701 εἴτε
1143 1625 1243 1716 τινύμ-

150 1737 248 1802 παλιν
269 1731 530 1818 δυστυχημάτων.
583 1731 654 1799 ε’πεί
673 1735 709 1800 δὲ
737 1739 803 1811 τοῖς
827 1735 996 1818 βασιλεύοι
1018 1737 1075 1799 καί
1093 1733 1274 1819 inerepare

103 1835 271 1919 estrepiq
289 1834 394 1918 θῆλυ,
417 1833 580 1919 άναφόρον
600 1835 661 1915 μὲν
687 1832 769 1898 κατά
790 1831 847 1919 την
867 1825 944 1918 όψιν
964 1835 1010 1910 είς
1029 1829 1105 1912 τούς
1124 1829 1282 1920 uperi-tl.
1296 1844 1345 1918 sil

149 1953 237 2016 νυυς,
256 1935 413 2019 ἐμφαῖνον
435 1931 472 1998 δὲ
492 1929 562 2015 άμοι
574 1933 632 1998 καί
644 1929 703 2018 τήν
717 1931 885 2018 ε’σύοτερον
900 1931 1141 2015 ἐπελάμπρυνον
1153 1935 1244 2022 adesi

151 2030 270 2118 α’ριτὴν
293 2054 328 2096 τε
346 2034 402 2096 καί
420 2026 592 2118 φρόνησιν,
611 2029 793 2097 suentem
812 2030 870 2098 καί
889 2025 987 2118 άρρεν
1005 2040 1104 2098 τεκεῖν
1124 2031 1181 2097 καί
1199 2034 1244 2099 δι’

152 2131 253 2217 τύχης
274 2131 381 2208 αύτοίς
401 2131 488 2195 τοῦτ’
512 2123 562 2216 ἦν.
613 2126 825 2215 όπινεμήσεως
851 2121 909 2196 σύν
927 2127 1094 2215 ἑνδεκάτης
1112 2127 1245 2216 τρεχεύ-

151 2253 231 2316 σης,
250 2232 386 2294 τίκτεται
405 2227 527 2306 τούτοις
558 2230 615 2295 καί
632 2221 741 2314 άρρεν.
796 2222 900 2306 osiride
926 2222 986 2295 οδν
1009 2227 1041 2295 oi
1058 2231 1125 2311 ’μὲν
1143 2235 1244 2313 γονεῖς

104 2326 355 2417 ιοόηιεγὴθεσαν,
375 2325 431 2392 καί
450 2330 589 2405 πένθους
608 2327 714 2395 ου’κίτι
731 2324 819 2414 ἴχνος
831 2329 941 2408 αύτοΐς
958 2329 1166 2414 ἐπιλέλοιπεν,
1185 2328 1244 2414 τῆς

223 2542 252 2610 ί.
271 2542 507 2615 συμβουλεύοντος
522 2541 556 2594 G.
631 2540 658 2593 6.
676 2543 870 2615 συνεπομίνου
885 2542 938 2594 lib.
1024 2558 1049 2613 p.
1067 2540 1199 2614 δευτέραν
1212 2540 1243 2593 C.

224 2616 487 2671 &normannos
508 2614 557 2668 stoi
569 2608 671 2679 ’Ἀννητ
688 2612 715 2667 C.
791 2630 829 2664 ιι.
848 2610 944 2685 ὥσπερ
957 2610 1011 2665 CG.
1104 2612 1141 2664 ιλ.
1157 2611 1244 2684 τινύμ-

222 2686 309 2745 παλιν
326 2701 378 2735 om.
394 2684 451 2737 AG.
487 2725 491 2731 .
544 2683 582 2736 ι5.
596 2686 638 2743 είς
655 2683 732 2735 uncis
760 2682 1037 2739 inclusit'lloescbel.
1053 2682 1108 2736 sid.
1121 2690 1243 2735 annotat.

230 2756 271 2809 sb.
289 2756 314 2810 δ’
332 2752 393 2828 ἅμα
408 2755 439 2807 A.
511 2770 551 2825 sp.
569 2762 674 2812 τεκεῐνι
689 2753 763 2811 ἰδεῖν
774 2757 805 2807 Δ.
897 2758 937 2813 18.
954 2753 1036 2811 τοῦτο
1052 2752 1148 2816 αὐτοῖς
1166 2748 1242 2822 ivd.

153 2955 265 3003 omnes,
282 2940 399 2993 maxime
417 2942 464 3011 qui
486 2938 617 3009 sanguine
634 2941 798 3013 imperatrici
813 2942 900 2996 iuncti
926 2949 1016 3007 erant,
1036 2942 1084 3012 qui
1103 2957 1167 3011 pras
1186 2942 1245 2993 lae·

154 3012 215 3069 titia
242 3010 311 3081 quid
336 3021 449 3081 agerent
470 3012 637 3065 nesciebant.
674 3012 772 3067 diebus
802 3030 859 3065 non
890 3013 931 3065 ita
959 3014 1053 3065 multis
1077 3012 1244 3076 interiectis,

153 3100 256 3135 corona
277 3083 357 3134 etiam
382 3099 426 3135 me
446 3090 475 3135 et
494 3084 568 3152 regio
595 3083 746 3137 diademate
768 3091 895 3153 parentes
911 3091 1017 3137 ornant
1051 3081 1245 3135 Constantinus

153 3162 260 3217 autem,
286 3152 360 3205 iilius
377 3152 520 3205 Michaelis
539 3154 649 3217 Ducae,
676 3163 756 3207 antea
773 3155 956 3223 imperatorie,
972 3154 1050 3205 cuius
1069 3168 1151 3222 saepe
1167 3169 1246 3205 men·

153 3226 258 3281 tionem
276 3223 406 3287 lecimus,
429 3241 490 3275 cum
506 3226 582 3292 regni
601 3226 682 3277 etiam
707 3233 767 3277 tum
786 3225 950 3276 consortium
967 3224 1124 3286 obtineret,
1143 3231 1173 3275 et
1189 3240 1246 3275 uns

154 3312 217 3347 cnm
234 3294 397 3364 imperatore
415 3304 493 3364 patre
510 3312 571 3349 meo
600 3293 795 3347 donationibus
813 3294 986 3347 rubramento
1005 3292 1199 3360 subscriberet,
1215 3300 1246 3347 et

153 3366 186 3419 iu
210 3366 317 3435 pompis
348 3364 508 3421 solennibus
541 3366 612 3424 darn
643 3364 755 3419 indutus
783 3363 944 3429 incederet,
972 3372 1110 3437 postremo
1140 3364 1171 3415 in
1199 3380 1246 3415 ac·

155 3435 364 3493 elimationibus
399 3435 519 3491 secundo
547 3438 608 3489 loco
636 3437 838 3500 nominaretur,
871 3436 1000 3506 quoniam
1027 3436 1109 3487 etiarn
1135 3435 1190 3486 mei
1215 3436 1245 3488 in

153 3506 394 3567 acclamationibus
419 3508 522 3559 mentio
548 3506 673 3561 iacienda
697 3515 769 3572 erat,
796 3506 1004 3559 Constantinum
1030 3514 1060 3557 et
1080 3506 1185 3557 Annam
1207 3506 1246 3557 si·
1286 3540 1290 3547 ·

154 3577 214 3633 mul
239 3576 469 3647 prenuntiabant,
498 3578 546 3647 qui
582 3578 791 3631 acclamationes
819 3577 979 3648 praeibant;
1014 3575 1045 3627 id
1076 3575 1151 3646 quod
1179 3576 1246 3629 satis

153 3648 239 3717 longo
257 3657 377 3717 tempore
397 3647 567 3701 observatum
590 3664 666 3713 esse,
683 3664 700 3701 e
721 3649 928 3717 consanguineis
950 3654 1047 3717 postea
1073 3646 1247 3716 parentibus·

154 3736 210 3789 que
228 3719 294 3771 meis
305 3734 387 3788 saepe
405 3718 505 3770 audivi.
524 3724 582 3771 erat
598 3728 689 3775 autem
700 3719 814 3771 fortasse
832 3718 1037 3786 bocaugnrium
1054 3734 1157 3783 eorum,
1174 3734 1246 3788 qnae

153 3788 223 3845 tnihi
241 3798 370 3841 eventura
389 3798 466 3843 erant
483 3798 531 3841 out
553 3806 682 3861 prospera
700 3798 747 3843 aut
774 3790 894 3841 adversa.
912 3788 961 3842 sed
980 3806 1040 3840 cnm
1057 3790 1139 3840 etiam
1160 3790 1247 3841 nitere

154 3858 367 3930 imperatoribus
396 3861 453 3913 lilia
471 3867 543 3911 esset
559 3868 639 3925 nata,
661 3861 739 3912 vultu
758 3861 877 3913 referens
902 3867 1039 3929 parentes,
1053 3860 1246 3929 apparentibus

153 3932 237 3989 simul
248 3931 356 3983 virtutis
368 3938 450 4001 atque
462 3930 622 4001 prudentiae
632 3932 760 4001 vestigiis,
775 3948 846 4001 quse
858 3938 952 4000 postea
965 3930 994 3982 in
1011 3948 1044 3982 sa
1060 3930 1179 3994 eluxere,
1196 3930 1246 3983 de-

154 4000 285 4055 siderium
304 4017 352 4053 eos
376 4000 488 4055 incessit
507 4002 589 4055 etiarn
607 4002 693 4055 virilis
716 4002 810 4071 stirpis
829 4001 1028 4071 procreandae,
1049 4001 1134 4072 idque
1150 4003 1181 4053 in
1197 4018 1247 4052 vo-

155 4072 191 4131 tis
210 4078 278 4125 erat.
295 4073 350 4123 iam
367 4072 518 4126 indictione
537 4072 679 4131 undecima
705 4074 788 4131 etiam
806 4089 876 4142 puer
892 4072 959 4142 ipsis
976 4080 1055 4125 natus
1072 4080 1122 4125 est.
1141 4072 1247 4140 ingenti

156 4143 190 4197 de
203 4162 236 4197 ea
252 4161 280 4199 re
294 4142 393 4214 gaudio
402 4151 527 4216 parentes
548 4145 637 4199 allecti
655 4152 727 4208 aunt,
746 4160 835 4217 neque
853 4143 981 4203 tristitiae
998 4142 1086 4197 nilum
1104 4143 1247 4213 vestigium
