2984 4800
437 309 450 340 ἱ

404 371 416 396 .
476 403 483 422 .
547 327 782 394 DEDthTtO.
1080 332 1204 394 xxxin

114 495 157 561 lril
179 498 211 558 in
234 493 337 562 Gallia
345 544 355 577 ‚
385 497 465 562 nihil
486 499 518 562 in
541 502 722 580 Germania,
745 498 821 562 ndril
842 501 962 583 uspiam
981 499 1207 584 Cisalpinamm

113 607 251 689 gentium
282 605 349 690 spei
376 616 431 668 aut
452 607 594 689 praesidii
615 608 655 670 ad
675 613 795 670 Annam
819 628 893 687 esse,
910 609 941 668 in
964 609 1084 670 ltaliam
1102 618 1206 672 trans·

115 715 226 794 voles,
248 715 369 776 Romae
389 735 456 778 rem
479 737 590 795 curas,
620 717 804 778 accersitum
824 715 898 778 inde
918 715 1064 779 Codicem
1086 718 1207 780 Biblio.

115 821 223 884 thecae
243 821 434 884 Bathea-inae
454 844 516 884 uon
539 823 693 906 optimum
708 825 763 886 aut
780 825 1016 908 integerrimum
1035 825 1123 888 illum
1135 827 1208 912 qui·
1316 854 1319 859 >

115 929 195 1008 dem
216 940 323 992 tamen
355 931 508 993 eiusmodi
530 952 594 1015 qno
617 933 780 1016 Interpres
815 953 878 994 nou
907 933 1020 1011 hebes,
1040 955 1098 996 nec
1116 938 1210 1017 plane

113 1039 279 1120 imperitus
302 1039 456 1100 consolari
478 1039 665 1104 desiderium
681 1041 817 1102 melioris
830 1049 945 1124 posset,
964 1063 1036 1104 cum
1060 1041 1209 1102 nonnulla

115 1145 228 1206 fiducia
251 1167 368 1228 operae
390 1147 566 1224 navandae;
593 1149 729 1228 allatum,
749 1150 888 1234 inquam,
910 1148 949 1210 ad
972 1159 1004 1211 te
1024 1151 1123 1212 Roma
1143 1151 1210 1212 Lu.

114 1255 224 1316 tetiam
246 1256 400 1318 eiusmodi
421 1256 560 1320 codicem
581 1257 621 1319 ad
644 1280 693 1320 me
714 1257 860 1322 Tolosam
882 1257 988 1320 mittis.
1030 1257 1133 1320 Affinis
1148 1259 1210 1318 im.

115 1361 305 1446 plicitusqne
326 1373 395 1425 tum
416 1385 502 1426 eram
524 1366 606 1426 curis
625 1377 710 1442 toto,
733 1374 769 1426 ut
788 1366 832 1429 ita
854 1365 973 1440 dicem,
998 1365 1083 1428 caelo
1104 1365 1210 1428 diver.

114 1474 172 1548 sis;
196 1492 298 1554 neque
319 1473 355 1532 iis
379 1481 434 1535 aut
454 1495 585 1536 numero
593 1445 721 1565 'papeia
743 1482 798 1537 eut
819 1495 934 1558 genere
956 1474 1087 1535 levibus.
1129 1473 1211 1536 Hinc

117 1580 251 1656 lllarcns,
274 1580 445 1665 Lucasque,
467 1582 626 1644 Matthaeo
644 1582 705 1644 iam
737 1583 879 1664 perfecto
899 1584 1084 1666 promissam
1114 1602 1211 1664 repo·

114 1688 243 1749 scebant
266 1709 404 1770 operam.
447 1688 580 1752 Aliunde
601 1689 721 1752 divinae
746 1689 870 1752 litterae
890 1690 1100 1772 professorem
1123 1711 1212 1750 saum

115 1797 184 1859 iure
206 1819 303 1858 mauu
326 1785 510 1860 consertum
528 1799 675 1862 tenebant
697 1820 736 1862 ne
759 1798 797 1860 ad
817 1798 972 1862 humanae
992 1798 1142 1861 historiae
1162 1799 1212 1858 in.

116 1907 373 1986 terpretationem
403 1905 634 1968 descenderem.
685 1907 831 1990 Denique
857 1917 948 1989 cepta
981 1908 1061 1969 varii
1093 1907 1213 1990 generis

116 2013 280 2094 complura
303 2012 469 2075 clausulam
500 2013 772 2098 colophonemque
794 2013 988 2097 flagitabant.
1031 2015 1116 2091 Quid
1139 2036 1213 2097 age-

118 2121 204 2181 rem?
246 2129 301 2182 tna
329 2122 488 2184 Mecaeuas
520 2121 603 2184 haud
625 2123 726 2183 mollia
747 2124 835 2184 iussa.
888 2121 1021 2182 induciis
1042 2130 1213 2202 utcumque

115 2228 310 2311 impetratis;
339 2239 370 2292 et
391 2230 478 2312 quasi
508 2231 547 2292 ab
570 2205 804 2312 urgentioribus
837 2227 1031 2290 creditorum
1050 2249 1141 2289 mora
1162 2250 1213 2290 so.

116 2335 242 2396 lationis
266 2346 401 2415 exorata,
425 2343 528 2399 totum
551 2341 657 2399 Annae
678 2357 728 2398 me
751 2335 859 2413 tribui,
882 2343 986 2396 totum
1005 2335 1158 2419 impendis
1180 2347 1213 2399 et

115 2453 216 2505 totum
240 2446 283 2506 ita
305 2466 354 2507 res
376 2448 524 2526 poscebat
539 2456 575 2507 ut
592 2466 647 2507 uec
664 2453 745 2507 totus
762 2444 944 2507 sufficerem.
987 2446 1022 2505 ln
1043 2446 1213 2528 scriptione

115 2554 225 2633 passim
262 2553 383 2613 incerta
415 2554 593 2634 exemplaris
620 2555 824 2615 tumultuaria
843 2554 1010 2616 collatione
1030 2554 1210 2615 concinnati

117 2660 299 2721 coniectura
321 2671 353 2723 ct
373 2662 548 2745 suspicione
570 2662 719 2723 utendum
740 2662 925 2744 plurimum.
966 2662 1109 2733 Lacenae
1128 2660 1211 2721 divi.

116 2768 293 2829 nationibus
314 2768 514 2851 supplendae.
558 2768 736 2831 Cavendum
749 2771 798 2831 'ne
820 2768 911 2851 longe
932 2768 1125 2830 ornatissima
1148 2768 1211 2829 Co.

116 2898 246 2939 maenae
266 2877 372 2939 oratio
403 2877 496 2938 nimis
517 2877 671 2961 inaequali
699 2876 837 2939 versioni
858 2877 986 2937 Latinae
1007 2898 1212 2958 comparare.

117 2992 185 3060 lur;
207 3008 272 3046 non
295 2986 413 3047 minori
433 2986 557 3049 fastidio
580 2985 781 3068 convitioque
795 2985 970 3065 oculorum,
993 2984 1129 3067 quamsi
1149 2984 1210 3045 lao-

117 3092 261 3155 losericus
282 3093 351 3153 riva
372 3116 516 3178 purpura
530 3096 633 3157 lucens
647 3114 767 3176 pannus
789 3112 877 3154 sacco
894 3092 1023 3167 cilicino
1046 3102 1102 3153 aut
1121 3091 1209 3174 pullo
1265 3132 1269 3139 -

118 3202 243 3263 centoni
258 3210 443 3265 assueretnr.
465 3202 647 3265 Verendum
660 3224 699 3263 ne
722 3201 819 3285 (quod
833 3221 945 3283 perum
959 3201 1070 3262 vitasse
1090 3198 1210 3283 aliquos

118 3309 243 3391 quercla
263 3309 436 3373 multorum
457 3316 511 3387 est)
533 3311 825 3393 interpretationem
846 3310 987 3372 Latinam
1007 3312 1143 3370 lacerem
1166 3310 1209 3367 si.

117 3416 218 3478 milem
238 3418 352 3479 setacei
373 3416 514 3495 cribelli,
544 3417 631 3501 quod
659 3418 807 3479 immissae
837 3417 869 3477 in
897 3413 1057 3479 cernicnlo
1090 3414 1209 3475 farinae

118 3523 226 3587 florem
240 3524 343 3607 ipsum
362 3546 398 3587 ac
418 3547 534 3609 purum
547 3525 696 3607 pollinem
712 3524 907 3604 transmittit,
926 3524 1061 3583 turtures
1082 3543 1119 3582 ac
1139 3543 1208 3584 sor-

119 3632 168 3693 des
191 3653 293 3693 meras
323 3634 439 3695 retinet
470 3641 501 3694 et
521 3634 655 3697 exbibet.
702 3630 751 3691 Ad
770 3632 848 3693 haec
871 3631 1021 3715 qnoniam
1042 3629 1073 3689 in
1098 3629 1208 3691 Caesa.

118 3740 207 3801 rissae
228 3739 376 3801 familiam
407 3742 533 3803 nomine
553 3751 647 3824 atque
676 3748 893 3801 autoramento
913 3738 1097 3820 Interpretis
1118 3747 1208 3798 tran.

118 3847 296 3920 scribebam
321 3848 457 3909 tenenda
479 3848 524 3909 vis
555 3846 645 3909 huius
668 3846 772 3923 officii,
794 3845 882 3929 quod
901 3845 992 3929 quale
1010 3846 1059 3923 sit,
1080 3865 1116 3905 ex
1136 3866 1208 3917 mu-

118 3952 172 4015 niis
193 3954 329 4017 eiusdem
351 3953 481 4037 generis,
505 3954 726 4037 principalium
745 3952 919 4015 scribarum
943 3960 976 4014 et
996 3951 1207 4035 palatinorum

117 4062 439 4124 commentariensium
462 4070 566 4145 potest
588 4061 727 4145 intelligi.
770 4062 809 4123 lis
829 4061 926 4144 Reges
943 4060 1140 4143 Reginaeqne
1161 4058 1208 4118 uti

116 4167 215 4231 solent
245 4168 285 4229 ad
313 4169 492 4232 scribendas
519 4191 594 4255 quas
625 4190 877 4253 quoquoversum
903 4166 1054 4229 missitant
1079 4165 1205 4241 litteras,

185 4296 268 4348 Anna
287 4294 435 4351 Comncna.
972 4290 1013 4320 ω
