2984 4800
572 313 814 378 PRAEFthO.
1168 317 1236 380 Xlll

144 454 287 551 spicere
305 451 481 546 licuisset,
505 477 615 550 quem
641 445 679 526 in
704 455 800 527 Petri
818 453 934 549 Fabri,
955 452 1027 526 lCti
1050 455 1237 553 Tolosani,

147 576 422 648 Commentario
449 575 496 648 ad
508 577 588 676 Leg.
604 577 643 649 ll.
672 575 718 650 de
743 577 826 649 lust.
854 590 890 650 et
911 577 990 650 lure
1012 603 1050 675 p.
1064 582 1149 650 751.
1174 603 1236 649 ex-

147 715 254 795 stare,
280 700 484 798 Ducangius
505 701 552 775 ad
567 702 660 774 Anu.
673 700 800 774 Comn.
828 702 869 774 ll.
883 706 918 775 8.
943 726 981 800 p.
999 697 1082 796 114,
1099 705 1155 776 19.
1180 717 1238 775 te-

146 837 272 897 statur.
334 825 465 896 Verum
500 825 601 899 bunc
632 823 965 919 commentarium,
989 827 1055 898 etsi
1077 827 1237 900 studiose

147 948 324 1046 quaesivi,
348 949 507 1022 nancisci
526 975 603 1022 non
619 950 734 1046 potui.
835 950 933 1024 Alter
957 950 1073 1023 codex
1097 965 1151 1022 cst
1167 951 1239 1024 Va·

145 1072 304 1166 ticanus,
329 1072 395 1168 qui
420 1095 504 1144 cum
537 1085 688 1144 exeunte
718 1071 862 1146 saeculo
885 1075 1055 1170 proximo
1077 1075 1193 1147 Roma
1215 1099 1237 1146 a

149 1192 387 1290 francogallis
407 1194 564 1266 Parisios
589 1196 727 1268 ablatus
751 1208 863 1289 esset,
889 1194 937 1268 ad
961 1197 1149 1294 pristinam
1176 1222 1236 1270 se·

148 1315 238 1388 dem
251 1315 390 1388 dudum
402 1315 522 1389 rediit
540 1317 623 1390 Eius
635 1319 862 1392 mentionem
874 1319 1236 1415 leceruntSteCroix,

145 1439 306 1512 Examen
331 1440 486 1537 critique
511 1438 575 1514 des
606 1443 753 1514 anciens
781 1442 977 1516 historiens
1000 1441 1236 1516 d'Alexandre

145 1564 182 1634 lc
208 1561 351 1656 Grand,
385 1587 455 1638 sce·
483 1562 570 1637 edit.
608 1567 743 1661 patu
772 1579 810 1638 et
840 1564 934 1640 Frid.
960 1566 1113 1638 Willen.
1144 1565 1233 1638 Hist.

145 1682 276 1756 Comn.
290 1711 327 1782 p.
339 1685 409 1758 XV.
458 1686 576 1760 Minus
597 1701 694 1760 recte
718 1701 906 1785 postremo
928 1688 968 1760 in
992 1690 1076 1762 loco
1093 1690 1235 1764 Vatica-

5 1843 10 1870 ·
144 1834 215 1881 nus
240 1809 328 1882 alter
351 1810 562 1907 appellatur.
622 1811 731 1884 Error
756 1811 860 1907 iude,
884 1825 926 1886 ut
951 1813 1102 1910 opinor,
1123 1814 1234 1906 venit,

145 1931 250 2029 quod
271 1934 453 2007 Fabricius
482 1936 520 2006 in
544 1936 635 2008 Bibl.
662 1935 787 2008 Graec.
811 1937 970 2007 votvtl.
995 1961 1033 2033 p.
1050 1941 1133 2008 727.
1168 1962 1234 2008 co-

143 2055 280 2152 dicem,
302 2081 378 2154 quo
394 2058 564 2130 Possinus
589 2081 674 2130 usus
699 2072 765 2151 cst,
788 2060 1000 2130 Vaticanum
1026 2058 1128 2145 dixit,
1149 2085 1233 2131 cum

142 2179 253 2252 luerit
276 2181 524 2268 Bibliothecae
548 2181 779 2252 Barbarinae.
838 2181 870 2252 ls
902 2181 1009 2277 igitur
1033 2180 1126 2253 liber
1149 2206 1233 2252 rere

141 2303 332 2375 Vaticanus
368 2304 406 2374 iu
440 2301 641 2399 schedulis,
675 2301 918 2376 aNiebuhrio
951 2303 1043 2375 mihi
1071 2303 1233 2399 traditis,

140 2428 407 2499 accuratissime
441 2428 493 2499 sic
527 2426 756 2500 describitur:
787 2424 936 2521 „Codex
967 2429 1232 2525 bombycinus,

138 2552 258 2623 forma
282 2552 457 2645 maxima,
487 2552 581 2622 loliis
603 2553 709 2646 392,
732 2552 817 2623 satis
841 2551 1021 2623 luculenta
1047 2566 1084 2622 et
1102 2550 1232 2648 grandi

35 2740 39 2749 .
137 2672 271 2767 littera,
294 2676 437 2750 saeculo
463 2674 547 2745 XVl.
575 2688 735 2747 exaratus
768 2687 832 2745 est.
880 2675 922 2745 ln
951 2700 996 2745 eo
1021 2675 1230 2746 continetur

137 2796 264 2869 Annae
290 2794 500 2869 Comnenae
525 2797 661 2869 Alexias
694 2798 801 2869 initio
835 2808 871 2868 et
903 2796 976 2868 fine
998 2798 1134 2869 mutila.
1185 2800 1227 2869 In

140 2928 217 2993 uno
241 2945 286 2993 ex
310 2921 405 2993 loliis
441 2920 638 2995 chartaceis
674 2920 841 3016 praefixis
870 2919 963 2991 haec
986 2922 1119 3017 scripta
1143 2934 1228 2993 sunt

137 3069 252 3117 manu
276 3046 386 3118 Fulvii
412 3044 546 3117 Ursini:
571 3042 711 3117 “Annae
726 3041 933 3115 Comnenae
951 3042 1099 3116 Alexim.
1125 3042 1227 3113 Ἀλε-

136 3163 226 3252 ξιάς.
277 3170 447 3267 Emptum
466 3194 508 3241 ex
532 3168 633 3241 libris
656 3166 846 3240 cardinalis
870 3166 1024 3260 sirleti-’3
1048 3168 1143 3239 tituli
1167 3168 1226 3239 in·

135 3306 211 3365 star
218 3318 230 3388 3
258 3316 344 3365 nam
360 3316 452 3389 opus
476 3293 594 3389 ipstun
616 3291 826 3389 imperfecte
842 3291 973 3387 incipit
993 3290 1055 3363 fol.
1064 3291 1090 3361 Ι.
1113 3303 1226 3383 recto,

134 3419 282 3510 μᾶλλον
305 3412 440 3487 τοῦτον
464 3416 662 3498 κατέτλους
693 3416 782 3503 (sie)
807 3417 954 3487 ἐκεῖνον·
976 3409 1057 3507 ἅμα
1081 3414 1148 3507 μὲν
1163 3410 1226 3483 καὶ

133 3540 203 3621 τὴν
235 3536 427 3638 ταχίστην
459 3540 634 3611 κέλαῶον
667 3539 757 3630 (sic)
790 3539 1091 3637 προαιρούμενος,
1130 3562 1225 3633 quac

134 3666 246 3737 rerba
271 3662 439 3738 incidunt
464 3664 502 3735 in
523 3665 588 3735 lib.
598 3663 623 3734 1.
650 3662 707 3735 ed.
730 3664 814 3761 Reg.
829 3665 935 3736 1651.
961 3644 1085 3758 lolssp.
1104 3665 1164 3733 37.
1178 3662 1221 3729 D.

135 3788 277 3860 Desinit
288 3787 349 3859 sot.
363 3789 448 3861 391.
472 3810 596 3859 terso:
623 3787 671 3881 μὴ
696 3785 759 3857 καὶ
784 3785 1059 3884 ἀναγράφοντες
1082 3782 1132 3855 τά
1158 3784 1224 3853 λυ-

133 3906 229 4007 πηροὶ
253 3911 334 3996 (hic
348 3912 476 3985 lacuna
498 3909 695 3996 indicatur)
721 3904 1057 4007 ipatupmvoipsba.
1110 3908 1223 3978 Dein·

134 4058 221 4131 ceps
245 4034 307 4107 lol.
333 4036 419 4107 392.
445 4048 544 4109 recto
567 4034 731 4107 maximis
761 4034 953 4131 rubrisque
984 4032 1111 4105 litteris
1133 4032 1221 4101 sub·

130 4158 281 4255 scriptio
305 4160 450 4255 legitur:
472 4158 576 4239 τέλος
598 4159 669 4231 σὺν
685 4154 758 4253 θεῷ
774 4152 844 4229 τοῦ
857 4156 1037 4256 παρόντος
1061 4148 1217 4251 βιβλίου.
