2984 4800
552 303 793 370 Pnnmtrto.
1109 311 1221 378 XXVI!

133 437 390 540 τοισυστοὶδην,
417 444 519 544 quod
532 447 668 520 Lexicis
683 447 795 520 deest.
874 449 958 541 129,
971 453 1007 519 2.
1031 445 1222 546 μονάδων,

135 567 235 666 quod
259 569 498 642 Hoeschelius
523 573 696 665 coniecit,
727 571 981 669 reponendum
1011 586 1107 666 erat,
1139 597 1223 646 οιιο·

136 693 243 764 dente
265 692 453 790 Duoangio
473 692 658 768 Constant.
685 693 816 768 Christ.
834 695 888 767 lv.
921 721 959 792 p.
978 700 1060 770 125.
1140 699 1224 790 176,

139 820 192 887 13.
216 816 412 907 σωματικὰ
445 810 599 915 δεύτερα
629 818 779 888 τίθεται
808 817 931 911 λόγου.
982 809 1098 892 Locus
1122 822 1226 892 resti-⁴

136 939 246 1009 tuitur
271 936 459 1032 facillime,
485 940 514 1010 si
537 935 719 1037 δεύτερον,
746 939 850 1037 quod
874 939 913 1012 C.
934 941 1058 1035 habet,
1079 943 1119 1014 iu
1144 938 1227 1012 δεο-

135 1062 245 1158 τέροο
269 1063 472 1136 mutaveris.
551 1067 634 1160 193,
648 1071 708 1138 20.
742 1064 820 1135 ἐπεὶ
841 1067 863 1135 ὁ
885 1070 1115 1159 Βαῖμοῦντος
1138 1087 1227 1162 sap*

137 1185 334 1288 πρότερον
360 1190 489 1270 αὐτοῖς
509 1189 729 1286 ἐπεμάχοτο.
780 1191 834 1261 lta
852 1208 951 1263 nuuc
970 1183 1112 1289 legitur,
1137 1215 1228 1262 con·

138 1323 192 1382 tra
216 1333 373 1382 sensum.
406 1305 590 1384 Emendot
626 1309 875 1408 ἀπεμάχετο·
939 1315 1026 1407 215,
1048 1323 1080 1386 1.
1114 1338 1182 1412 pro
1206 1313 1227 1394 ἡ

141 1425 181 1503 δὲ
210 1433 330 1504 scribe
361 1427 442 1528 ἥδε,
477 1429 643 1531 pleniore
677 1436 973 1534 interpunctione
1010 1451 1096 1536 post
1124 1437 1230 1517 Sento

142 1557 271 1652 posita.
360 1559 447 1649 273,
461 1560 520 1628 20.
546 1556 646 1628 κατὰ
675 1551 832 1639 δεκάδας
855 1558 943 1640 τοὺς
967 1551 1126 1650 λογάδας
1157 1562 1229 1629 τῶν

139 1675 364 1775 Μανιχαίων
379 1681 574 1750 coisacam
592 1678 769 1750 ἐκέλευσε.
796 1682 868 1753 Pro
888 1684 1015 1780 inepto
1037 1683 1230 1754 ποιεῖσθαι

15 1899 16 1910 ¹
141 1825 239 1874 nuuc
262 1804 387 1875 malim
414 1805 651 1902 πορεύεσθαι.
751 1810 882 1901 328,8.
905 1807 983 1904 lege
1000 1809 1230 1879 οὑτινοσοῦν.

143 1931 228 2020 337,
240 1931 275 1997 5.
301 1951 371 2022 pro
401 1927 544 1998 τούτων
568 1930 646 2026 lege
671 1931 811 2000 τούτου
817 1983 830 2024 ,
863 1943 906 2002 ut
930 1929 977 2001 ad
999 1931 1117 2002 solum
1142 1927 1233 2004 Cae·

143 2073 260 2121 sarem
287 2050 467 2147 respiciat.
592 2043 598 2060 ’

237 2172 372 2244 Verum
405 2174 498 2246 haec
532 2175 662 2247 obiter.
721 2177 812 2250 Nam
847 2175 895 2248 de
929 2175 1109 2247 eiusmodi
1146 2176 1236 2248 locis

144 2293 342 2393 plerisque,
367 2295 407 2368 in
434 2297 567 2393 quibus
592 2299 921 2393 scriptoris'manus
941 2296 1108 2370 nondum
1132 2299 1237 2369 resti-

111 2415 112 2421 ’
147 2434 221 2491 tuta
246 2418 403 2513 videtur,
427 2434 506 2492 tum
529 2422 678 2519 proprie
695 2407 977 2519 agendum'erit,
1003 2446 1086 2495 cum
1110 2421 1237 2492 Auno·

144 2545 301 2616 tationes
327 2544 494 2615 scribam.
556 2546 660 2619 Nunc
684 2544 867 2641 reliquum
893 2558 965 2638 est,
990 2558 1030 2615 ut
1053 2544 1099 2617 de
1124 2546 1237 2616 inter-

147 2670 352 2764 pretatione
367 2668 504 2763 Latina,
530 2694 640 2767 quam
658 2668 745 2740 huie
767 2659 922 2743 editioni
941 2694 1073 2742 norum
1098 2667 1237 2763 addidi,

148 2792 260 2861 verbo
277 2815 463 2883 moneam.
490 2790 531 2862 Id
544 2792 743 2888 negotium,
759 2794 947 2865 molestiae
958 2792 1145 2889 taediique
1158 2794 1238 2889 pte-

148 2915 350 3009 nissimum,
375 2928 416 2986 ut
440 2916 674 3012 susciperem,
699 2940 756 2990 res
780 2918 859 3013 ipsa
875 2917 1015 3013 exigere
1036 2916 1237 2987 videbatur.

147 3036 283 3134 Nempe
299 3040 482 3132 Possinus,
508 3064 591 3109 cum
605 3064 680 3111 non
696 3054 772 3111 tem
784 3038 974 3135 vertendo,
999 3062 1110 3136 quam
1134 3062 1238 3109 onar-

149 3159 262 3231 rando
290 3186 441 3258 operam
473 3160 595 3257 daret,
626 3162 760 3234 mirum
801 3188 912 3260 quam
936 3148 1063 3234 'tibere
1095 3163 1240 3235 nonin

149 3284 268 3357 verbis
291 3284 406 3358 modo
431 3286 598 3383 singulis,
630 3310 755 3359 rerum
787 3287 897 3359 ctiam
921 3286 1067 3358 intotis
1091 3298 1239 3356 seuten-

149 3406 207 3477 tiis
227 3406 427 3481 reddendis
458 3424 617 3485 versatus
648 3424 719 3505 est,
752 3409 1108 3504 circumscribendo,
1133 3408 1240 3481 affin-
1279 3414 1284 3423 '

150 3530 293 3627 gendo,
324 3534 453 3629 primis
481 3548 666 3631 postrema
692 3533 904 3628 miscendo,
930 3536 1054 3605 omnia
1079 3530 1241 3630 denique

151 3654 342 3727 obruendo
369 3657 506 3755 ingenti
532 3659 727 3729 verborum
753 3658 916 3729 flumine.
982 3654 1084 3728 Unde
1108 3656 1242 3727 iactum

152 3790 224 3871 est,
244 3792 288 3850 ut
308 3780 446 3851 Alexias
462 3780 589 3852 Latina
615 3782 654 3851 in
679 3780 957 3878 amptitudinem
984 3779 1097 3877 duplo
1123 3779 1242 3852 maio·

153 3926 231 3971 rem
268 3882 483 3999 excreverit,
507 3928 618 4001 quam
646 3904 803 3996 Graeca,
834 3916 871 3974 et
896 3904 1005 3977 altera
1029 3906 1173 3975 alterius
1196 3930 1243 3975 ne

150 4028 317 4097 umbram
346 4027 497 4124 quidem
523 4030 663 4101 reserat.
716 4028 802 4119 Quo
828 4029 949 4100 minus
975 4042 1095 4100 autem
1121 4028 1242 4100 Possi-

153 4150 283 4225 nianac
317 4152 494 4227 versionis
527 4155 702 4227 luxuriem
738 4151 933 4250 depascere
963 4152 1065 4224 licuit
1097 4151 1145 4224 ad
1178 4152 1244 4223 ali·-
