2984 4800
273 287 354 396 ¹76
608 317 746 382 suasa
778 284 1003 384 αοιιιιιιιιιι

268 463 521 545 ἀναγκαιοτέρων
536 463 714 549 κεφάλαια·
736 464 786 532 ὅτι
808 471 844 532 δὲ
856 469 930 549 arpi
948 467 1066 532 rorico»
1085 464 1129 549 μή
1152 461 1235 547 ἔχειν
1255 459 1355 547 πρόσ·

269 567 359 640 ταξιν
390 555 474 626 εἶπον
504 564 534 626 οἱ
555 567 611 646 τής
630 565 790 647 εὐγενείας
802 591 861 631 σου
879 561 1061 648 ἅνθρωποι,
1083 564 1163 629 κατὰ
1186 566 1280 628 τοῦτο
1301 566 1358 628 κατ’

266 661 288 745 of
309 659 455 744 βασιλεία
475 685 538 742 μου
564 663 618 728 τὸν
640 661 735 744 ὅρκον
763 659 871 742 αἰτοῖς
897 664 1064 749 ἀνήρτησε.
1104 666 1210 730 τοίνυν
1230 660 1285 726 κατ’
1302 685 1356 724 τε·

268 760 412 846 λεσθήτω
440 759 456 824 δ
480 757 571 844 ὅρκος
599 763 686 845 παρὰ
709 765 766 847 τῆς
790 767 949 848 ειῖγενείος
968 787 1048 843 σου,
1066 762 1111 837 ὥς
1130 760 1147 825 δ
1166 759 1276 836 πιστός
1295 783 1357 826 σου

239 861 442 943 ΕἈλβὲρτης
474 862 637 941 ἐνωμότως
678 866 717 949 τῇ
744 865 890 950 βασιλείᾳ
918 886 980 944 μου
1010 864 1201 944 ε’βεβοιωσε,
1231 859 1288 923 κατ’
1313 853 1385 933 ὦςὸ

267 959 301 1024 τὸ
333 959 483 1042 ήμέτερον
520 958 632 1040 κράτος
660 959 739 1026 κατὰ
774 959 958 1046 προσθήκην
988 955 1235 1044 ἀναγκαιοτέραν
1257 953 1359 1022 αὖτοῦ

270 1063 363 1142 ζητεῖ.
405 1058 483 1141 ἡδὲ
502 1057 665 1143 βραδυτής
684 1061 742 1124 τοῦ
761 1061 948 1124 πιστοτάτου
979 1062 1034 1124 κατ’
1052 1054 1278 1142 εὐγενεστάτω
1298 1077 1359 1120 σου

268 1156 405 1242 κόμητος
428 1157 486 1222 τοῦ
505 1159 717 1242 Βουλγάρδου
745 1159 850 1242 γέγονε
882 1157 936 1222 διὰ
968 1157 1004 1222 τὸ
1033 1155 1090 1239 τήν
1108 1158 1275 1239 βασιλείαν
1295 1177 1360 1235 μου

268 1255 442 1339 βούλεσθαι
466 1253 521 1320 τδν
540 1256 690 1341 φίλτατόν
715 1279 779 1336 μου
797 1253 941 1338 οἷνεψιόν,
962 1253 1018 1321 τὸν
1039 1253 1110 1320 aido
1128 1257 1184 1320 τοῦ
1203 1277 1361 1318 πανευτυ-

268 1351 426 1439 χεστοὶτου
455 1351 740 1440 σεβαστοκρᾶτορος
769 1357 825 1421 κατ’
845 1353 1058 1439 περιποθήτου
1079 1354 1281 1439 αδτοδέλφου
1302 1353 1407 1434 τήςιο

270 1456 434 1539 βασιλείας
445 1475 519 1535 μου,
539 1458 697 1538 θεαθῆναι
713 1458 788 1538 παρ’
810 1452 918 1533 αὐτοῦ,
937 1454 981 1530 ὥς
1003 1447 1042 1518 ἂν
1062 1451 1168 1518 &lodo
1187 1453 1361 1536 α’πογγειλῃ

271 1577 322 1621 σοι
342 1553 401 1637 τήν
428 1555 463 1618 έν
490 1553 613 1637 ἧλικιάς
640 1552 753 1642 ἁπαλῷ
783 1555 1000 1636 καταστήματι
1030 1557 1202 1635 βεβηκυῖαν
1233 1549 1364 1616 σύνεσιν

271 1655 331 1718 τοῦ
354 1647 489 1726 παιδός·
529 1649 568 1715 τὰ
590 1648 652 1735 γοὶρ
672 1649 733 1729 ἔξω
754 1651 811 1716 καὶ
832 1651 997 1732 σωματικαὶ
1014 1651 1148 1734 δεύτερα
1166 1653 1290 1714 τίθεται
1310 1646 1362 1712 λα’-

272 1777 331 1836 γου
353 1750 372 1836 ή
394 1752 541 1833 βασιλεία
562 1773 646 1832 μου,
668 1753 699 1816 εἰ
715 1751 771 1816 κατ’
789 1753 825 1815 ἐν
842 1748 967 1825 τούτοις
986 1748 1067 1815 πολὺ
1090 1747 1158 1831 ἔχει
1178 1746 1212 1814 τὸ
1232 1747 1363 1832 περιου-

242 1873 352 1930 noros.
408 1846 450 1916 oi:
477 1846 537 1932 γὰρ
566 1851 604 1935 τῇ
622 1845 830 1931 μεγαλοπόλει
857 1847 1036 1933 ἐκδημήσας
1057 1849 1211 1912 ἐθεάσατο
1230 1845 1264 1910 τὸ
1288 1851 1410 1914 nar-15

275 1952 343 2016 διὀν
367 1949 421 2013 καί
441 1940 502 2012 ὅσα
524 1945 606 2026 εἰκὸς
626 1947 803 2030 οδμιλησεν,
836 1946 1010 2030 ἀπαγγελεῖ
1024 1970 1075 2012 σοι
1097 1943 1114 2010 δ
1138 1950 1279 2030 πρέσβυς
1294 1969 1364 2010 σοο.

275 2048 331 2114 καὶ
349 2046 420 2114 ἐπεὶ
441 2045 569 2111 παιδιόν
596 2049 656 2128 μὲν
688 2040 777 2110 οὔπω
805 2044 921 2121 desig
942 2050 983 2132 τῇ
1003 2048 1147 2132 βασιλείᾳ
1167 2067 1230 2124 μου
1250 2048 1365 2126 ε’χαρί·

276 2171 371 2227 dora,
393 2144 487 2212 τόπον
508 2148 544 2210 δι’
564 2169 620 2226 μοι
640 2147 768 2228 γνήσιὀυ
798 2144 915 2221 παιδὸς
935 2140 953 2207 o‘
974 2149 1125 2230 φιλτατος
1146 2137 1235 2220 οὗτος
1256 2147 1366 2226 ἐπέχει

274 2247 487 2332 α’δελφιδοῦς,
508 2247 587 2308 θεοῦ
607 2244 827 2324 εδδσκοιῖντος,
851 2242 945 2308 οὐδέν
968 2245 1037 2308 loss
1056 2243 1090 2309 τὸ
1119 2241 1258 2324 nmisios,
1287 2237 1366 2306 ἑνια-

272 2348 372 2432 θήναι
391 2343 476 2431 ήμᾶς
507 2345 549 2408 δι’
583 2343 715 2425 αἵματος
735 2344 919 2427 συγγενικοῦ
923 2391 934 2425 ,
963 2344 1018 2408 καί
1036 2345 1115 2427 φιλο
1137 2344 1196 2424 μὲν
1217 2341 1412 2426 α’λλήλοιςτο

275 2453 404 2532 φρονεῖν
424 2443 467 2520 cic
488 2446 709 2527 Χριστιανοΐς,
741 2445 938 2507 οἰκειοῦσθαι
969 2443 1004 2506 δὲ
1024 2440 1133 2507 καὶτὰ
1159 2441 1303 2524 α’λλήλωκ
1321 2442 1364 2517 ὥς

274 2552 453 2629 συγγενεῖς,
480 2544 522 2607 δι’
552 2542 700 2608 ἐντεῦθεν
728 2544 857 2619 ἕκαστος
879 2544 921 2606 δι’
941 2538 1084 2627 αλλήλων
1112 2541 1362 2624 δυναμούμενοι,

345 2744 370 2795 3.
386 2758 443 2815 μου
464 2760 470 2791 ι
491 2752 544 2793 σου
564 2741 597 2793 G.
688 2738 772 2807 αὐτῆς
788 2740 818 2793 C.
907 2743 932 2794 5.
946 2742 1072 2814 Ἀβέρτιγς
1089 2742 1145 2795 CG.
1234 2744 1362 2815 ἐβεβαίω-

346 2826 379 2867 σε
397 2812 435 2875 C,
457 2810 641 2882 ἐβεβαιώσατο
658 2810 692 2874 G,
713 2812 894 2881 ἐβεβαιώσαο
912 2813 940 2863 Ρ.
1031 2832 1055 2883 γ.
1075 2828 1128 2867 σου
1147 2830 1201 2865 om.
1219 2816 1250 2866 Α.
1336 2836 1361 2883 9.

344 2901 396 2955 μοι
412 2882 443 2933 Α.
520 2898 558 2933 rr.
577 2876 608 2942 ὃς
628 2872 718 2937 llinis*
737 2884 764 2933 Α.
832 2884 870 2933 ι3.
890 2884 1019 2957 δεύτερον
1036 2884 1064 2936 C.
1134 2902 1169 2935 aa
1188 2886 1240 2938 rosi
1258 2884 1362 2958 ldyov?

349 2957 387 3023 sl.
405 2956 431 3007 el
448 2950 479 3005 δέ
495 2952 588 3005 troili.
696 2958 735 3007 16.
752 2956 869 3024 πρέσβος
885 2955 915 3005 Δ.
1023 2970 1052 3023 ιγ
1078 2955 1195 3009 παιδίον
1212 2957 1267 3027 μὲν
1284 2957 1363 3011 οὔπα

345 3024 383 3087 C,
399 3022 516 3079 παιδίον
532 3022 612 3079 οὔπω
629 3023 669 3089 Δ,
688 3022 766 3079 οὔπω
788 3024 907 3081 παιδίον
924 3024 962 3090 P,
984 3023 1062 3080 οὔπω
1078 3022 1109 3081 τὸ
1126 3026 1244 3083 παιδίον
1261 3028 1295 3081 G.

276 3214 361 3268 litatis
377 3220 441 3265 tuae
459 3210 588 3275 ministri,
613 3212 694 3263 etiam
711 3210 836 3263 maiestas
847 3226 908 3263 mes
924 3219 1069 3280 propterea
1087 3220 1283 3265 sacramentum
1299 3216 1366 3285 ipsis

276 3285 393 3339 distulit.
410 3299 474 3351 ergo
491 3290 642 3351 praestetur
660 3281 848 3333 iusiurandum
866 3299 882 3332 a
899 3282 1046 3334 nobilitate
1063 3292 1125 3349 taa,
1145 3292 1178 3336 ut
1194 3284 1287 3337 fidelis
1305 3295 1366 3339 tuas

211 3378 214 3383 ·
276 3358 402 3410 Albertes
420 3354 555 3405 maiestati
572 3369 647 3404 meae
672 3354 775 3405 iuratus
799 3352 982 3416 confirmarit,
1006 3362 1090 3423 utque
1118 3356 1243 3407 maiestas
1270 3366 1367 3409 nostre

276 3430 347 3499 petit
363 3426 400 3477 ob
417 3424 629 3476 additamentum
649 3425 714 3475 satis
733 3425 919 3475 necessarium.
943 3426 1124 3477 cunctationis
1142 3443 1174 3477 ac
1191 3442 1283 3478 morae
1301 3428 1367 3479 Bal·

277 3497 386 3561 ohardi,
412 3496 517 3548 comitis
547 3494 587 3546 tui
612 3494 762 3546 fidelissimi
789 3502 818 3545 et
843 3492 1022 3557 nobilissimi,
1047 3512 1078 3546 ea
1102 3496 1155 3549 suit
1178 3514 1273 3559 causa,
1292 3499 1367 3569 qaod

276 3578 403 3637 nepotem
428 3568 607 3627 carissimum,
628 3564 714 3616 lilium
732 3564 950 3617 sebastocratoris
977 3566 1145 3630 felicissimi,
1169 3569 1289 3636 germani
1309 3587 1368 3620 ma-

277 3638 383 3689 iestatis
404 3654 480 3689 meae
498 3638 604 3698 fratris,
626 3635 660 3686 ab
681 3638 739 3757 ipso
760 3634 880 3704 conspici
897 3635 1024 3688 maiestas
1041 3654 1101 3688 mea
1120 3637 1214 3703 voluit,
1231 3647 1263 3691 ut
1281 3641 1368 3692 redux

277 3708 417 3761 nuntiaret
433 3707 485 3760 tibi
503 3708 609 3759 firmam
619 3724 650 3757 ac
661 3724 690 3758 so
704 3723 745 3757 ers
765 3707 794 3757 in
805 3716 915 3757 tenerae
929 3710 1026 3759 aetatis
1034 3716 1107 3759 statu
1124 3710 1201 3779 pueri
1217 3710 1366 3779 ingenium,

278 3786 389 3831 exteras
409 3780 482 3829 enim
501 3787 530 3829 et
545 3794 615 3847 quae
635 3778 670 3828 ad
691 3793 786 3845 corpas
813 3778 966 3844 pertinent,
993 3779 1092 3829 rationi
1129 3780 1279 3849 posthabet
1307 3799 1368 3834 ms-

278 3850 360 3900 iestas
382 3864 458 3913 mea,
496 3866 630 3919 uanquam
656 3857 684 3900 et
709 3846 766 3898 illis
792 3848 939 3899 virtutibus
959 3848 1102 3900 admodum
1132 3851 1259 3915 excellit3
1285 3862 1368 3922 prout

278 3917 401 3971 narrabit
416 3866 588 3987 tihileguus
607 3928 684 3982 tuus,
701 3918 749 3989 qui
769 3918 867 3969 cumin
883 3918 952 3970 urbe
969 3919 1138 3986 versabatur,
1165 3921 1236 3972 vidit
1253 3940 1368 3991 puerum

278 4000 440 4073 etquenam
460 4005 501 4052 eo,
521 3998 552 4040 ut
572 4004 612 4041 res
631 3986 796 4058 postulabat,
813 3988 1003 4041 contabulatas
1022 4000 1070 4043 est.
1089 4008 1121 4042 ac
1140 3992 1268 4062 quoniam
1280 3995 1368 4045 lilium

299 4058 389 4111 sudem
407 4058 474 4109 deus
492 4059 559 4110 miti
577 4057 698 4111 noudum
719 4058 805 4121 dedit,
823 4059 868 4111 hic
886 4068 976 4111 sutem
996 4061 1085 4113 fratris
1103 4062 1175 4113 lilius
1193 4063 1368 4117 saevissimas

278 4076 329 4183 dlii
351 4129 417 4182 mibi
437 4138 478 4191 est
496 4130 574 4193 loco,
594 4130 617 4179 si
636 4130 688 4181 deo
706 4130 858 4199 placuerit,
880 4128 953 4181 nihil
969 4131 1113 4199 impediet,
1136 4134 1282 4203 qrsominus
1303 4151 1367 4205 pro-

277 4203 432 4273 pinqailate
448 4201 657 4270 coniungamur,
676 4210 704 4253 et
723 4216 785 4253 cum
803 4203 903 4267 amica,
920 4210 952 4253 at
972 4202 1140 4257 Christianae
1159 4204 1250 4268 decet,
1268 4206 1299 4257 in
1316 4222 1366 4258 nos
