2984 4800
223 287 277 350 111
547 277 742 345 LUDOVlCl
774 275 972 344 senopem

224 425 418 524 pleraque,
442 449 484 498 ac
509 449 627 524 prope
651 422 804 498 dixerim
831 411 978 518 omnia,
1006 424 1223 519 praestantia
1245 449 1308 496 sua

226 573 266 619 so
288 548 560 643 commendant,
583 561 619 620 ct
639 548 812 645 utLangii
834 547 990 644 suspicio
1013 545 1060 617 de
1084 544 1221 619 codicis
1230 547 1308 620 lle-

224 671 318 744 dicei
341 685 456 762 aetate
482 671 709 751 ambitiosior
721 672 767 742 sit
792 696 902 768 quam
928 670 1060 764 verior,
1076 684 1201 742 tamen
1222 671 1328 750 reli<
1363 745 1370 757 ,

226 797 309 892 quis
334 821 416 866 eum
444 807 480 865 et
491 805 664 866 vetustate
689 807 726 864 et
748 796 968 890 optimarum
992 783 1190 866 lectionum
1212 792 1307 866 mul-

221 888 376 990 titudine
412 919 643 1011 antecellere,
676 942 731 989 res
753 919 831 1014 ipsa
855 915 983 1013 doeet3
1020 931 1062 988 ut
1085 939 1308 1013 magnopere

221 1039 422 1112 dolendum
450 1038 634 1133 videatur,
667 1037 853 1133 Gronorio
885 1040 999 1112 totins
1022 1039 1106 1111 libri
1132 1039 1307 1112 curiosius

221 1161 425 1237 excutiendi
452 1165 567 1236 otium
592 1161 758 1236 defuisse.
810 1163 864 1232 De
889 1163 1023 1256 altero,
1048 1184 1123 1258 quo
1144 1184 1231 1233 usus
1253 1175 1308 1233 est

222 1282 369 1378 codice,
394 1282 484 1355 illud
507 1297 647 1356 tantum
671 1296 824 1376 constat,
850 1283 938 1353 olim
961 1305 1045 1353 eum
1069 1281 1176 1355 luisse
1190 1283 1307 1356 Lucae

219 1405 404 1478 Holstcnii.
456 1408 628 1504 Reliqua,
659 1431 753 1504 qnae
778 1405 825 1477 ad
849 1406 1042 1476 certiorem
1064 1406 1231 1480 notitiam
1255 1409 1307 1482 sa-

220 1530 335 1630 ciant,
360 1529 473 1602 hodie
507 1533 546 1603 in
579 1533 733 1604 obscuro
759 1543 853 1601 sunt.
912 1528 987 1603 Nec
1007 1541 1132 1601 tamen
1158 1555 1200 1603 cx
1225 1533 1305 1629 ipso

219 1650 451 1750 Apographo,
475 1677 568 1749 quae
590 1654 667 1724 eius
691 1651 817 1745 forma
835 1667 871 1724 et
895 1650 1061 1726 conditio
1087 1653 1206 1748 luerit,
1229 1679 1306 1726 non

218 1775 463 1846 coniecturam
494 1799 623 1872 capere
655 1776 750 1846 licet.
810 1776 862 1848 Ac
898 1777 1058 1873 primum
1096 1776 1247 1874 quidem
1276 1779 1306 1850 is

217 1895 333 1969 codex
354 1901 510 1973 maxima
534 1901 615 1972 libr.
630 1899 655 1972 l.
678 1915 781 1997 parte
806 1902 954 1973 mutilus
977 1901 1061 1996 luit,
1086 1902 1306 1998 initiumque

1 2082 2 2087 κ
98 2116 101 2122 ¹
218 2019 339 2116 (luxit,
363 2047 480 2120 aeque
505 2048 546 2096 ac
572 2021 829 2120 Coislinianus,
854 2026 1014 2097 arerbis
1038 2023 1188 2096 demum
1209 2023 1306 2118 μᾶλ-

217 2143 283 2214 λον
307 2149 441 2216 τοῦτον
475 2160 541 2218 etc.
569 2173 604 2244 p.
626 2150 685 2242 75,
710 2152 768 2219 12.
805 2147 1008 2221 Gronovius
1044 2163 1141 2221 certe
1170 2149 1218 2222 ab
1247 2148 1305 2220 his

212 2269 352 2362 verbis,
378 2271 511 2365 quibus
536 2270 746 2366 Apographi
768 2269 894 2342 lolium
908 2277 968 2344 20.
996 2273 1137 2369 incipit,
1163 2271 1304 2344 Alexia-

217 2389 303 2465 dean
329 2389 534 2463 describere
548 2394 725 2488 ingressus
750 2406 811 2462 est
838 2391 951 2483 Quod
973 2393 1159 2489 veredici,
1181 2409 1305 2466 osten-

219 2514 275 2585 dit
298 2516 506 2607 clarissime,
529 2528 570 2585 ut
593 2513 826 2607 aliataceam‚
850 2514 1048 2585 litterarum
1074 2515 1195 2609 series,
1220 2515 1305 2611 qui-

216 2640 285 2711 bus
319 2640 405 2711 lolia
440 2654 573 2711 octona
605 2638 767 2736 signavit.
825 2635 1016 2733 Siquidem
1048 2635 1139 2709 illud
1161 2638 1306 2734 ipsum,

219 2761 324 2859 quod
349 2760 436 2856 dixi,
461 2762 588 2835 lolium
610 2762 736 2833 subtus
759 2758 962 2832 litteramrl
988 2760 1091 2858 quasi
1116 2759 1305 2835 custodem

216 2884 338 2955 habet.
364 2885 467 2976 Quae
488 2882 712 2982 praecedunt
734 2882 821 2956 lolia
833 2882 961 2957 decem
984 2896 1021 2955 et
1042 2908 1196 2979 norem,
1220 2886 1304 2957 nul·

217 3008 261 3079 lis
286 3009 453 3107 insignita
477 3009 624 3104 litteris,
650 3002 696 3081 ca'
711 3007 916 3115 Gronovius
938 3021 1017 3079 tum
1042 3005 1195 3101 addidit,
1219 3032 1304 3080 cum

219 3133 417 3205 Florentiae
440 3132 565 3207 nactus
580 3149 671 3207 esset
691 3131 857 3205 codicem
883 3130 1069 3229 aliquanto
1085 3132 1302 3203 auctiorem.

218 3258 336 3355 Atque
360 3261 412 3331 sic
440 3259 572 3331 sactum
601 3272 666 3353 est,
693 3258 839 3355 opinor,
863 3270 904 3328 ut
927 3255 1020 3327 baec
1043 3255 1149 3349 lolia,
1173 3280 1305 3352 quem-

219 3380 419 3453 admodum
445 3407 552 3487 supra
577 3382 722 3475 monui,
747 3382 881 3453 nullam
905 3403 1054 3477 prorsus
1078 3377 1215 3451 codicis
1228 3379 1305 3451 lle·

218 3499 332 3576 dicei¹
353 3505 633 3605 discrepantiam
673 3504 891 3603 adscriptam
931 3488 1101 3576 babeant.
1157 3502 1304 3576 Initium

219 3639 340 3699 autem
367 3628 590 3703 Holsteniani
623 3630 778 3727 exempli
814 3629 924 3700 etiarn
946 3651 1124 3725 perquam
1147 3628 1305 3701 mendo-

219 3774 299 3821 sum
324 3750 450 3846 luisse,
477 3753 733 3851 Apographum
747 3753 835 3825 item
850 3754 976 3851 arguit
1026 3752 1219 3850 apponam
1244 3754 1307 3825 bic

218 3874 347 3968 verba,
383 3875 504 3971 qualia
544 3876 711 3972 primitus
742 3901 764 3949 a
799 3876 986 3949 Gronorio
1030 3877 1163 3972 scripta
1198 3889 1305 3947 siant:

219 3994 362 4086 μᾶλλον
385 4002 521 4097 τοῦτον
551 3999 750 4078 κατέτλους
777 4001 931 4086 ἐκείνου,
957 3992 1039 4090 ἅμα
1061 4000 1128 4090 μὲν
1152 3994 1215 4066 καὶ
1238 3995 1305 4077 τὴν

219 4114 410 4217 ταχίστην
430 4124 602 4197 κέλευθον
624 4123 924 4223 προαιρούμενος·
978 4116 1059 4216 ἅμα
1084 4117 1127 4195 δὲ
1151 4120 1213 4193 καὶ
1237 4121 1305 4202 τὴν
1405 4111 1409 4117 ’
