2984 4800
460 289 688 388 ’λεικιιυιε
716 322 791 389 uo.
818 329 873 390 vr.
898 323 927 386 υ.
1148 299 1233 414 273

148 473 194 557 μὴ
216 473 250 538 tv
275 470 316 558 τῇ
337 471 480 558 συμβολῇ
498 473 567 536 τοῦ
585 475 723 553 πολέμου
744 473 856 539 πολλοὶ
873 475 909 553 ἐξ
926 466 1084 560 όκατόραν
1104 471 1235 558 άναιρε·

149 569 317 658 θήσονται,
338 571 438 636 πάλαι
457 567 588 646 τοότους
604 574 764 655 γινάσκιον
786 571 1022 655 ἕκθυμοτότους
1042 564 1159 658 ἄνδρας
1180 573 1237 639 καί

150 668 249 756 δριμό
269 668 348 735 κατά
367 671 429 735 τόν
453 671 579 754 ε’χθριόν
606 674 766 747 πνέοντας.
815 669 969 737 ἔσπευδεν
988 663 1045 736 σάν
1065 670 1120 737 διά
1140 675 1235 737 τοῦτο

150 767 226 844 τοός
245 769 456 852 πρωταιτίοος
475 770 534 849 μὲν
553 772 815 854 τιμωρήσασθαι,
834 766 909 848 τοός
930 772 967 834 δέ
985 793 1021 853 γε
1041 773 1171 848 λοιποός
1191 774 1235 860 τῷ

38 861 40 866 ’
124 871 212 935 5νοῦ
237 866 453 953 στρατοπέδου
483 872 711 950 συγκαταλέξαι
737 865 875 949 σάματι.
923 865 1016 933 ἔνθεν
1034 891 1084 934 τοι
1103 873 1159 934 καί
1177 869 1262 936 danic

150 965 268 1050 τρόπον
294 967 411 1030 τούτου
439 965 560 1052 μετῄει.
612 962 775 1050 γινώσκων
802 968 838 1030 δὲ
869 962 905 1030 τό
934 969 1154 1053 φιλοκίνδυνον
1171 973 1235 1034 τοῖν

151 1060 278 1150 άνδροόν
296 1066 423 1130 ἐκείνων
441 1062 496 1130 καί
514 1065 589 1149 περὶ
607 1063 684 1141 reric
704 1068 862 1147 πολέμους
879 1063 934 1129 καὶ
952 1064 1010 1144 τός
1029 1064 1139 1149 μάχας
1156 1068 1237 1134 άκά-

151 1171 282 1245 θικτον,
310 1165 425 1228 ἐδεδίει
443 1160 489 1248 μὴ
509 1162 692 1247 άπογνόντες
720 1163 829 1250 χεῖρόν
849 1189 880 1230 τι
897 1164 1120 1249 μιλιτήσαιεν·
1161 1168 1238 1251 η’ρέ-

151 1286 234 1346 μουν
252 1263 313 1346 γάρ
335 1265 411 1338 τόσος
431 1260 491 1346 τήν
512 1265 602 1350 σφῶν
623 1263 779 1340 οἰκοῦντας
797 1265 957 1348 πατρίδα,
976 1266 1032 1329 καί
1048 1259 1138 1330 rino
1157 1263 1238 1350 πρὸς

107 1363 321 1449 ιολεηλασίας
350 1353 449 1436 άλλας
477 1363 533 1427 κατ’
559 1359 720 1445 προνομάς
748 1357 971 1448 ἐξετράποντο·
1022 1367 1239 1444 μετεπέμπετο

152 1455 210 1528 uls
232 1457 286 1526 διά
315 1457 509 1544 γραμμάτων
527 1457 659 1536 τούτους
679 1461 714 1524 ἓν
742 1463 788 1546 τῷ
807 1459 889 1542 πρός
908 1460 945 1526 τό
963 1461 1142 1540 Βυζάντιον
1161 1464 1239 1527 ἐπα·

150 1563 321 1644 νόρχεσθαι
341 1568 474 1640 συχναῖς
492 1557 711 1641 ὑποσχέσεσιν.
753 1554 785 1623 οἱ
805 1561 842 1623 δά
861 1556 919 1642 τήν
938 1557 1016 1624 κατά
1030 1561 1095 1624 τῶν
1107 1563 1241 1626 Κελτῶν

149 1656 239 1744 νάκην
258 1660 360 1724 αότοό
374 1653 591 1742 μεμαθηκότες
605 1655 787 1735 ἐδεδίεσαν,
805 1658 837 1722 αι’
848 1658 933 1742 τάχα
955 1657 1011 1723 κατ’
1029 1657 1067 1723 τά
1089 1657 1240 1744 γράμμα·
1335 1665 1346 1688 ’

150 1783 192 1823 τα
209 1766 366 1843 χρησταῖς
397 1753 518 1833 αάτοός
541 1761 662 1822 ἐλπίσιν
683 1755 872 1822 όπέσαιναν·
919 1752 1005 1840 όμας
1024 1761 1079 1823 κατ’
1098 1756 1141 1843 μά
1164 1759 1271 1840 βασι)

105 1854 277 1938 ιάλόμενοι
306 1859 363 1940 τῆς
388 1853 468 1937 πρός
498 1853 596 1920 αότὸν
617 1851 749 1937 εἴχοντο.
797 1857 913 1932 ἐκεῖνος
932 1859 969 1921 dl
988 1858 1045 1941 τήν
1065 1855 1240 1922 Μοσυνοά·

149 1962 242 2020 πολιν
261 1954 466 2038 καταλαβών,
491 1955 592 2018 αδτοό
622 1975 683 2016 που
704 1956 909 2036 προσέμενεν,
930 1955 1176 2036 ὑποκρινόμενος
1199 1956 1241 2019 δι’

149 2047 219 2120 ἄλλ’
240 2047 318 2118 όττα
344 2056 558 2138 ἐγκαρτερεῖν,
591 2049 626 2115 τό
650 2053 685 2117 δέ
701 2075 736 2134 γε
769 2045 842 2118 όλον
863 2051 921 2137 τὴν
942 2056 1049 2118 αότῶν
1074 2055 1240 2133 διαμένων

150 2147 273 2240 άφιξιν.
315 2149 557 2234 καταλαβόντων
590 2153 646 2232 δέ,
678 2154 904 2236 ε’σχιγματιζετο
925 2153 1149 2236 άναθεοορῆσαι
1167 2148 1240 2215 rosi-

149 2276 225 2328 τους
244 2251 419 2333 βούλεσθαι
439 2249 496 2314 κατ’
512 2245 647 2316 ἑκάστου
661 2247 719 2335 τὴν
741 2251 915 2330 διομασιαν
933 2247 1169 2335 ἐγγράψασθαι.
1190 2247 1242 2313 όν·

102 2357 208 2419 ποθεν
227 2373 279 2416 τοι
298 2354 353 2414 καί
373 2347 510 2436 φοβερός
527 2341 736 2434 προυκάθητο,
758 2351 814 2413 κατ’
830 2349 868 2412 od
892 2349 1037 2435 φύρδην,
1059 2347 1140 2413 άλλό
1161 2345 1239 2415 κατά
1249 2357 1279 2413 V.
1293 2361 1341 2431 rat

149 2449 287 2526 δεκάδας
305 2448 379 2525 roric
409 2448 545 2532 λογάδας
574 2451 638 2514 ταῖν
658 2452 853 2531 Μανιχαάον
882 2454 1045 2515 ποιεῖσθαι
1077 2452 1240 2533 ἐκέλευσε,

220 2608 246 2659 3.
265 2606 395 2679 δχθριόνι
410 2605 574 2664 άντιπάλιυν
593 2608 624 2659 Δ.
711 2606 737 2657 6.
755 2606 870 2667 τούτους
887 2606 917 2659 C.
959 2668 963 2675 t
1005 2606 1155 2661 dismslim
1172 2602 1238 2681 γάρ.

224 2680 262 2731 15.
281 2677 501 2733 Μοσυνοάπαλιν
521 2680 550 2740 P,
567 2676 768 2733 Μοσυνόπολιν
787 2678 844 2729 lu.
935 2680 973 2733 16.
995 2676 1081 2731 αὐτοῦ
1097 2696 1153 2732 πον
1171 2680 1192 2731 Α
1211 2686 1241 2729 et

222 2750 251 2801 ln
268 2751 386 2816 margine
395 2748 424 2809 P,
441 2744 543 2802 αὐτόθι
552 2748 604 2801 PG.
673 2766 711 2817 ιγ.
730 2745 849 2801 άλλάττα
860 2751 893 2814 Α,
906 2746 964 2801 ἀλλ’
982 2746 1051 2802 ἅττα
1063 2748 1114 2800 PG.
1126 2750 1239 2801 correxi.

224 2822 264 2870 sti.
281 2818 496 2887 καταλαβόντων
525 2818 562 2880 C,
583 2816 791 2888 καταλαβόντας
812 2819 874 2885 PG,
890 2820 1098 2889 καταλαβόντας
1122 2818 1154 2874 di
1172 2819 1238 2874 rosi·

219 2905 288 2950 τους
303 2890 334 2941 Α.
428 2904 466 2953 ¹9·
486 2886 715 2961 ἀναγράψασθαι
732 2890 788 2942 CG.
884 2906 926 2941 νο.
947 2884 1017 2943 κατά
1037 2890 1058 2941 C
1075 2896 1104 2940 et
1121 2890 1151 2941 in
1167 2907 1238 2941 mar-

219 2960 284 3027 gine
302 2960 339 3021 Ρ,
359 2961 407 3012 καλ
424 2960 500 3011 Pul.
588 2975 630 3009 ar.
655 2950 720 3019 νοός
739 2958 863 3031 λογάδας
882 2977 932 3012 om.
951 2960 980 3011 C.
1086 2960 1190 3015 exosos
1207 2962 1237 3011 lt.

219 3038 282 3099 post
299 3031 423 3085 exuere
438 3028 570 3082 excidisse
587 3028 696 3082 ridetur
712 3027 762 3095 τὴν
781 3030 910 3102 πάροδον
927 3038 975 3083 aut
990 3028 1058 3100 quid
1076 3030 1140 3082 tale.

150 3192 218 3243 etos.
249 3194 343 3258 aperto
368 3196 456 3241 auum
484 3188 571 3241 Morte
589 3186 696 3259 aggredi
714 3204 762 3240 eos
778 3188 885 3255 noluit,
900 3206 950 3254 ne,
968 3204 1059 3260 pugna
1077 3188 1217 3241 commissa
1227 3226 1237 3252 ,

151 3258 230 3310 inulti
250 3270 424 3328 arborumque
441 3263 557 3329 partium
574 3260 825 3327 exstinguerentur3
854 3258 954 3312 dudum
977 3263 1048 3312 enim
1070 3275 1170 3309 summa
1190 3275 1236 3309 eos

152 3328 314 3381 tortitudine
333 3347 391 3381 esse
418 3340 496 3381 norat
515 3340 543 3383 ot
573 3328 701 3382 ferociam
727 3332 757 3381 in
776 3330 868 3383 hostes
889 3333 999 3401 spirare.
1028 3336 1192 3400 quapropter
1208 3328 1237 3379 id

152 3416 261 3467 operam
282 3400 368 3459 dedit,
388 3408 419 3451 ut
436 3410 558 3452 auctores
577 3402 685 3453 sceleris
705 3401 889 3465 ulcisceretur,
907 3402 1026 3470 reliquos
1043 3399 1172 3451 exercitui
1187 3399 1238 3448 ad.

152 3470 284 3535 iungeret.
302 3470 353 3521 bac
362 3470 444 3538 igitur
456 3472 560 3523 ratione
577 3488 677 3541 poenas
688 3480 847 3540 persecutus
864 3479 914 3525 est.
927 3489 985 3523 cum
1004 3469 1040 3521 ad
1056 3468 1177 3536 pericula
1189 3484 1236 3519 eos

149 3548 271 3606 prointus
289 3541 469 3610 indomitique
498 3543 526 3591 in
544 3542 656 3610 proeliis
680 3542 797 3610 impetus
818 3558 877 3593 ease
895 3542 991 3603 sciret,
1008 3540 1109 3592 veritus
1127 3546 1181 3602 est,
1199 3553 1237 3591 ne

150 3609 301 3677 desperatis
329 3612 409 3663 rebor
438 3610 471 3661 ad
498 3612 591 3681 peiora
617 3610 816 3663 delaberentur.
835 3628 898 3663 narn
924 3610 1012 3681 quieti
1029 3618 1088 3661 tum
1108 3611 1236 3678 temporis

150 3686 251 3731 terram
268 3682 424 3733 incolebant
441 3684 571 3751 patriam,
597 3690 626 3733 et
645 3680 679 3734 ed
696 3681 888 3752 praedationes
907 3689 936 3733 et
952 3680 1095 3733 latrocinia
1113 3678 1235 3731 nondum

149 3766 179 3801 se
197 3760 393 3804 converterant
412 3753 505 3835 itaque
519 3768 567 3824 per
578 3752 697 3815 litteras,
718 3752 874 3819 Byzantium
895 3752 1015 3813 rediens,
1033 3750 1170 3802 arcessivit
1188 3765 1235 3800 eos

149 3822 253 3887 magnis
273 3821 526 3892 pollicitationibus.
544 3822 605 3886 isti,
631 3823 736 3891 cognita
761 3823 820 3873 eius
842 3821 876 3873 de
895 3818 982 3873 Gallis
1002 3818 1131 3883 victoria,
1148 3833 1236 3891 quan-

148 3906 232 3960 quam
250 3893 420 3956 verebantur,
435 3908 471 3945 ne
487 3893 556 3945 sorte
574 3890 643 3945 salsa
660 3893 711 3944 sibi
729 3908 777 3962 ape
796 3893 905 3945 litterae
926 3889 1180 3954 subblandirentur,
1194 3899 1238 3943 ta·

150 3976 213 4011 rnen
234 3962 277 4013 sel
297 3964 375 4015 inriti
394 3965 446 4015 iter
462 3962 497 4014 ad
518 3977 578 4014 eum
592 3962 705 4034 ingressi
721 3970 793 4017 sunt
819 3962 928 4014 Aietius
946 3960 1119 4032 Mosynopoli
1136 3959 1239 4013 substi-

150 4032 202 4093 tit,
221 4030 292 4083 fictis
310 4034 434 4085 morandi
458 4034 576 4097 caussis,
598 4051 626 4086 re
643 4050 705 4086 sera
732 4033 878 4086 adventum
905 4046 997 4085 eorum
1019 4034 1172 4103 opperiens.
1191 4028 1240 4099 qui

150 4118 213 4153 cnm
230 4102 372 4166 adessent,
399 4104 512 4157 lustrare
541 4119 587 4156 eoa
614 4121 644 4157 se
662 4102 734 4156 velle
759 4104 868 4157 simulat
896 4119 928 4156 ac
947 4104 1112 4173 singulorum
1131 4101 1242 4153 nomina

150 4171 329 4239 perscribere.
349 4175 442 4245 itaque
459 4174 575 4229 terribili
593 4174 735 4228 considens
751 4175 855 4246 specie,
875 4190 930 4230 non
945 4175 1108 4248 promiscue,
1124 4170 1172 4226 sed
1193 4170 1241 4222 de-

208 4279 292 4331 Anna
311 4278 457 4334 Coronens-
1065 4278 1096 4330 ιθ
