2984 4800
570 232 811 294 interitio.
1097 233 1222 294 xxxtx

129 427 165 468 as
183 405 321 486 sepositis
343 421 427 487 quae
452 403 486 466 iu
513 403 653 466 manibus
675 419 762 466 erant
780 407 899 483 eruatis,
919 417 998 468 totus
1015 404 1060 466 ad
1076 409 1224 470 substeri-

126 515 231 576 endum
250 524 360 574 tantm
380 512 556 574 autoritatis
572 511 755 575 mandatum
778 513 909 576 incubui.
939 513 990 575 Ae
1005 513 1159 596 principio
1179 515 1224 578 sie

124 623 354 684 constitueram:
376 620 436 680 duo
448 639 512 680 esse
528 623 701 704 praecipua
723 623 757 680 in
779 621 885 703 quibus
896 621 1054 682 elaborare
1067 643 1114 682 me
1130 641 1224 704 opor.

126 743 205 790 teret.
247 749 324 790 nam
355 741 385 788 et
396 729 580 805 faciendum
602 749 686 800 esse,
718 743 752 790 ut
775 731 925 790 Graecum
952 731 1115 812 exemplar
1127 751 1224 814 quam

124 837 397 898 emendatissimum
419 839 526 913 exiret,
548 848 612 898 tum
624 836 823 898 annitendum
839 850 957 920 postea,
978 851 1013 898 ut
1030 859 1107 921 quae
1126 861 1168 900 ea
1187 857 1224 902 eo

125 947 352 1028 exprimeretur
373 942 487 1004 latina
509 942 628 1022 versio,
650 965 756 1004 veram
777 946 907 1006 Autaris
927 947 1101 1006 sententiam
1120 946 1223 1008 meus-

125 1055 197 1112 sime
217 1064 437 1136 assequeremur,
454 1050 694 1135 planissimeque
714 1049 861 1114 redderet.
886 1053 1023 1137 Quarum
1038 1073 1138 1114 remim
1157 1073 1224 1114 aem

130 1163 157 1220 is
176 1160 252 1221 ordo
265 1173 461 1244 comparatus
479 1171 597 1222 notura
617 1161 667 1238 sit,
683 1173 716 1220 ut
728 1161 815 1220 iliam
830 1162 901 1222 lusio
912 1163 1069 1243 praeuerti
1086 1161 1126 1222 sit
1142 1179 1224 1244 open,

127 1267 300 1350 appellenti
329 1267 405 1326 neiisi
429 1265 476 1328 ad
488 1268 622 1351 priorem
644 1267 799 1345 ateimum,
828 1267 1052 1349 experientique
1078 1289 1224 1352 operam,

124 1376 230 1454 graues
248 1394 316 1434 ecee
334 1375 440 1458 primo
462 1371 652 1455 difficultates
672 1375 777 1436 oborta
793 1378 916 1460 speeies,
934 1376 1028 1459 paulo
1047 1378 1139 1436 etiam
1155 1389 1226 1459 post

19 1537 21 1546 ,
125 1481 367 1565 desperationem
388 1484 494 1544 iniecit
514 1485 594 1566 cepti
608 1483 818 1566 perpetrandi.
843 1483 948 1546 Codex
967 1485 1022 1567 qui
1041 1484 1086 1545 ad
1097 1503 1224 1544 manum

126 1603 194 1650 erat
214 1591 318 1652 unum
339 1591 553 1668 tumultuarie,
576 1604 610 1652 ut
630 1591 720 1664 dt'csi,
744 1613 787 1652 ex
804 1591 918 1652 duobus
940 1591 1053 1652 mutilis
1070 1604 1224 1672 congestus

127 1711 321 1780 consumoque
349 1701 466 1782 passim
495 1699 654 1775 incertae,
670 1697 836 1783 palamque
855 1701 981 1761 interim
1000 1699 1159 1760 mendosae
1179 1698 1224 1758 le

126 1809 233 1867 stiones
260 1807 387 1870 uocibus
407 1807 563 1882 scatebat,·
593 1808 714 1868 tasum
741 1807 789 1868 ad
808 1809 880 1868 leaeo
906 1808 1012 1870 hiabat
1030 1820 1090 1869 toto
1107 1809 1227 1888 sparsis

129 1913 241 1996 Operis
260 1935 393 1999 corpore,
412 1915 494 1975 cuitu
514 1927 608 1996 eaput
627 1917 735 1998 ipsunt,
762 1917 817 1976 boc
839 1929 883 1977 est
900 1917 1118 1995 elegorusssima
1137 1928 1168 1976 et
1183 1917 1255 2016 lis

126 2021 177 2082 bru
196 2021 380 2103 dignutus
401 2020 561 2104 Praefatio
581 2024 694 2082 Aruiae
713 2022 943 2084 desiderabatur
962 2035 1045 2099 tota,·
1064 2043 1159 2106 quam
1179 2044 1225 2084 ea

125 2131 319 2209 Augustanis
347 2129 534 2213 Excerptit,
563 2142 657 2214 prout
678 2130 783 2204 licuit,
810 2131 1024 2214 supplevimru.
1076 2128 1223 2190 Clausetia

120 2259 217 2320 porro
232 2235 402 2315 Historiae,
420 2250 574 2320 postrema
597 2237 708 2298 scilt'set
726 2235 940 2320 quintidecimi
954 2257 1031 2320 pars
1053 2237 1135 2309 libri,
1159 2259 1222 2297 ere-

124 2346 262 2407 brm‘mis
268 2345 421 2425 fatiscens
444 2347 541 2423 riseris,
559 2346 673 2431 pertusi
687 2341 805 2429 passim
835 2357 955 2411 uetusta
976 2345 1060 2405 carie
1080 2346 1223 2423 cenwnts,

125 2468 179 2517 aut
198 2454 425 2533 collubescentis
445 2455 641 2537 ruinosasque
671 2454 820 2513 maceriae
841 2455 968 2536 speciem
998 2454 1093 2515 babet.
1137 2450 1224 2535 Quid

124 2562 172 2622 bic
196 2562 342 2622 autenm
361 2567 581 2643 speraremus?
629 2560 819 2643 Aggrederer
846 2560 891 2621 ad
916 2562 1149 2621 emendationem
1169 2582 1222 2620 ar·

124 2671 244 2753 eisetypi
282 2676 462 2730 carucatas?
489 2689 585 2753 quam
605 2690 665 2731 non
684 2670 743 2729 nisi
765 2670 944 2731 coniecturis
968 2681 998 2729 et
1015 2670 1221 2730 dt'ttt'rrationi-

125 2778 192 2854 irus,
213 2792 276 2837 tatu
298 2778 409 2837 multae
431 2778 642 2854 contentionis,
661 2797 759 2861 quam
781 2777 892 2837 nuliius
910 2777 1090 2853 autoritates,
1111 2780 1145 2837 in
1165 2796 1222 2837 ear·

126 2886 308 2967 mtplarium
329 2884 450 2963 defectu
462 2884 631 2962 meliorum,
653 2899 879 2968 repraesentare
897 2906 945 2945 me
960 2899 1105 2973 putarem
1119 2888 1223 2967 posse?

123 2996 180 3057 An
201 2994 420 3077 desponderem
440 2996 577 3055 continuo
600 2996 741 3072 animum,
763 2994 964 3079 editionisque
985 2996 1143 3055 eonsilium
1162 2994 1221 3056 ab·

123 3103 275 3164 iicerem?
316 3124 356 3163 ao
386 3124 453 3163 cum
475 3101 600 3165 Davisii
631 3102 813 3166 Hoeselteiio
833 3124 888 3163 sua
908 3102 997 3166 uiros
1018 3102 1104 3185 apud
1120 3102 1221 3165 doctos

122 3212 228 3289 gmtia
249 3212 421 3287 constiterit,
443 3210 526 3294 quod
545 3213 643 3272 isnon
657 3210 826 3273 dubitasset
840 3212 985 3273 mendosa
1005 3205 1222 3271 irumdr'biliter

123 3330 153 3377 et
175 3317 276 3377 heum
307 3318 462 3379 Historiae
491 3318 604 3379 Acutae
617 3318 817 3399 fragmenta,
833 3338 947 3402 pauca,
969 3331 1077 3379 tenuere
1096 3336 1221 3379 water·

124 3438 220 3499 oeta,
240 3426 387 3510 praefixo
407 3425 582 3489 Alexiadis
610 3426 696 3487 titulo
728 3426 838 3501 edere,·
858 3426 928 3505 Ego
954 3437 1029 3486 totos
1045 3423 1220 3508 quindecim

122 3534 188 3593 eius
211 3532 326 3615 Operis
347 3533 440 3595 libros
462 3547 590 3610 umbus,
618 3546 746 3617 propter
763 3533 861 3595 neseio
887 3554 963 3617 quoe
982 3552 1099 3595 nasum
1123 3532 1221 3613 magis

122 3640 364 3723 interpellamros
387 3644 419 3701 in
438 3642 547 3703 lectore
558 3660 676 3701 sensum
695 3640 869 3721 elegorum,
893 3660 985 3724 quam
997 3660 1097 3701 rerum
1118 3640 1221 3722 cogni-

124 3748 198 3809 tioni
214 3762 377 3828 gestarum,
398 3748 630 3811 autHistoriae
641 3749 806 3831 iruegritati
814 3747 1020 3811 subtracturus
1042 3748 1220 3833 quidquam,

121 3854 248 3934 publicis
271 3854 453 3919 invidendos
473 3856 633 3919 desideriis
655 3868 684 3917 et
703 3868 894 3917 aeternarum
912 3875 1015 3919 nasset
1034 3854 1220 3919 amtor

124 3963 311 4025 tenebromtm
322 3966 475 4044 ergastulo
496 3970 670 4027 censerem?
689 3964 834 4047 Neutnuu
851 3964 962 4047 opinor
981 3966 1144 4047 qtu'rquam
1165 3983 1220 4024 ae-

125 4092 195 4153 quus
216 4074 392 4135 eruditusoe
406 4074 550 4135 suasisset
556 4095 569 4151 ,·
587 4096 625 4135 ne
641 4073 801 4157 probasset
809 4072 937 4156 quedem.
959 4072 1022 4134 iilo
1034 4073 1124 4155 s'grttu
1145 4072 1222 4133 milii
