2984 4800
262 317 315 381 xx
596 315 795 383 tunovtct
823 314 1020 382 scitorum

263 459 475 557 priusquam
501 454 704 530 Hoeschelii
729 455 841 530 editio
868 460 908 530 iu
932 459 1049 530 lucem
1075 456 1260 556 prodiret,
1285 458 1355 534 dc-

262 583 453 678 scripserat
474 577 590 653 virdo
614 581 672 656 his
697 583 823 654 litteris
837 583 975 688 optime
997 583 1158 676 meritus,
1182 583 1355 656 Martinus

263 702 419 800 Crusim,
445 706 509 802 qui
534 702 722 804 'tubingae
745 705 934 803 quondam
960 705 1217 803 philologieam
1243 706 1355 778 disci·

260 829 400 926 plinam
424 827 675 926 profitebatur.
728 827 836 900 Cuius
861 829 1082 926 marginibus
1105 830 1189 901 libri
1214 827 1354 902 adscri-

261 963 346 1050 ptae
395 975 546 1050 quoque
588 967 691 1026 erant
736 951 898 1024 eiusdem
942 953 1171 1025 coniecturae
1212 953 1356 1050 aliquot

260 1089 451 1174 textusque
472 1077 755 1174 complementa:
782 1099 824 1148 ex
841 1077 974 1173 quibus
990 1101 1070 1173 ego,
1087 1099 1190 1181 xquae
1214 1078 1354 1174 proba·

261 1199 350 1276 bilia
376 1198 604 1295 ridebantur,
628 1223 695 1272 suo
722 1203 806 1273 loco
831 1188 1126 1272 commemorati.

360 1323 530 1422 Denique
562 1325 706 1397 silentio
739 1321 1045 1420 praetereundum
1081 1347 1158 1394 non
1191 1337 1245 1394 est
1267 1325 1354 1395 Fra·

260 1461 447 1547 gmcntum
486 1446 663 1520 Alexiadis
704 1448 891 1544 parvulum
898 1499 910 1541 ,
950 1444 1053 1544 quod
1100 1445 1352 1519 emendandae

261 1572 479 1646 Praelationi
512 1569 675 1644 adhibui.
737 1568 850 1662 Quod
883 1572 1155 1668 Fragmentum,
1187 1571 1259 1643 iam
1285 1572 1352 1644 Fa-

260 1695 377 1768 bricio
416 1695 506 1768 Bibl.
543 1693 667 1767 Gracc.
701 1695 778 1765 Vol.
799 1695 869 1766 Vll.
902 1720 940 1791 p.
965 1700 1048 1767 727.
1082 1719 1351 1767 commemora-

259 1833 359 1914 tum,
395 1833 506 1892 cxstat
536 1820 575 1890 in
606 1817 854 1891 Bibliothecae
875 1809 1058 1891 Parisinae
1088 1817 1217 1891 codiee
1240 1821 1352 1892 bom-

259 1947 407 2042 bycino,
429 1944 517 2015 olim
537 1939 759 2015 Colbertino.
782 1943 929 2014 initium
951 1957 1093 2016 tantum
1115 1941 1352 2017 Praelationis

259 2069 423 2140 continet
455 2091 572 2164 usque
606 2067 654 2140 ad
683 2067 794 2140 verba
819 2061 895 2136 ὅσα
922 2068 943 2150 ἡ
969 2068 1106 2163 φύσις,
1138 2091 1233 2164 quae
1262 2091 1299 2162 p.
1312 2062 1351 2159 4,

263 2187 319 2262 14.
343 2190 399 2264 ed.
431 2204 542 2264 nostr.
574 2191 753 2288 leguntur.
810 2190 911 2262 lianc
943 2189 1176 2263 collationem
1212 2213 1234 2261 a
1266 2189 1351 2263 Nic-

258 2316 409 2409 buhrio‚
441 2315 520 2386 uiro
551 2311 878 2407 desideratissimo,
903 2313 1038 2411 accepi.

358 2437 558 2512 Recensitis
578 2434 770 2508 codicibus
794 2435 855 2529 iis,
879 2437 1012 2533 quibus
1037 2436 1090 2509 uti
1116 2436 1208 2509 mihi
1231 2438 1350 2509 conti-

256 2561 330 2659 git,
365 2584 442 2631 non
466 2558 624 2631 alienum
651 2557 818 2651 videtur,
843 2557 952 2627 etiam
979 2559 1160 2656 reliquos,
1185 2583 1346 2656 quorum

259 2684 483 2756 mentionem
521 2682 560 2753 iu
596 2682 737 2779 scriptis
764 2680 989 2753 eruditorum
1024 2683 1170 2776 inveni,
1192 2682 1351 2753 breviter

257 2808 321 2880 hic
341 2828 640 2880 commemorare.
692 2806 745 2877 De
768 2804 895 2877 codice
916 2805 1118 2900 Tolosano‚
1143 2830 1252 2903 supra
1276 2806 1349 2878 iam

258 2931 406 3024 monui,
444 2954 528 3002 carm
569 2954 612 3001 cx
653 2930 766 3001 oculis
804 2951 947 3025 usuque
979 2928 1174 3001 hominum
1207 2927 1349 3003 dudum

260 3055 456 3127 evanuisse.
507 3054 576 3125 lac.
604 3050 769 3125 Cuiacius
791 3051 885 3124 duos
906 3065 1069 3145 tantum,
1095 3051 1198 3148 quod
1222 3053 1349 3145 sciam,

258 3178 359 3250 locos
381 3176 468 3249 inde
492 3176 657 3274 protulit,
674 3175 722 3248 ad
747 3176 897 3248 Institut.
922 3175 962 3246 ΙΙ.
979 3182 1012 3247 1.
1036 3182 1067 3256 l.
1081 3171 1163 3268 Μ,
1188 3199 1348 3271 quorum

257 3326 352 3374 unus
382 3316 436 3373 est
468 3301 552 3373 libri
575 3301 601 3371 l.
629 3304 663 3371 7.
689 3326 726 3396 p.
739 3296 803 3394 40,
829 3300 1024 3392 11-16.,
1054 3299 1142 3370 alter
1164 3298 1249 3369 libri
1261 3298 1346 3370 xlv.

259 3451 295 3522 p.
309 3421 394 3499 422.
410 3428 449 3497 B.
483 3422 732 3504 σκολιώτατος
760 3462 812 3477 -
840 3424 1064 3515 ποιούμενος.
1124 3422 1166 3493 ln
1188 3435 1349 3519 utroque

258 3550 342 3621 loco
375 3551 472 3622 nulla
504 3549 700 3645 scripturae
732 3546 918 3620 diversitas
945 3547 1057 3639 inest,
1089 3545 1159 3617 nisi
1186 3544 1289 3644 quod
1309 3546 1349 3617 in

258 3672 382 3769 priore
421 3697 490 3769 pro
529 3670 797 3741 καταλείπουσι
842 3668 972 3766 legitur
1009 3668 1347 3761 καταλιμπάνουσι.

261 3794 384 3891 anue
409 3796 517 3873 lectio
541 3796 627 3867 huic
652 3793 772 3867 codici
797 3794 946 3891 propria
970 3806 1046 3864 est:
1070 3791 1172 3866 unde
1195 3793 1253 3865 rix
1277 3791 1348 3863 du·

259 3918 362 3989 bium
388 3920 562 4014 arbitror,
587 3921 720 4017 quina
744 3918 866 4012 libris,
904 3942 999 4015 quos
1015 3917 1202 4013 sosimus,
1226 3915 1348 3986 omni-

259 4044 328 4116 bus
348 4043 547 4115 'l'olosanus
571 4043 679 4115 suerit
703 4042 872 4115 diversus.
908 4043 1027 4138 Atque
1053 4039 1093 4113 id
1117 4040 1251 4111 certius
1275 4038 1349 4110 lor-

258 4180 350 4240 tasse
376 4180 575 4263 constaret,
605 4167 635 4240 si
658 4164 821 4241 eiusdem
846 4164 984 4239 codicis
1007 4166 1129 4238 locum
1156 4164 1266 4235 alium
1289 4162 1347 4235 in-
