2984 4800
594 291 834 360 saturano.
1157 295 1251 390 ann

159 451 246 530 fieri,
267 452 384 532 Regem
415 449 628 512 Baldewinum
658 471 690 512 se
720 450 799 514 velte
825 451 988 514 honorare
1007 458 1040 512 et
1060 471 1174 516 amare.
1216 453 1250 512 tn

163 549 268 614 eadem
293 549 449 634 legatione
479 549 518 612 ab
540 550 732 632 imperatore
754 551 914 614 decretam
934 560 1001 630 est,
1022 560 1059 612 nt
1076 551 1249 634 Episcopus

158 653 385 717 deBarcinoua
407 673 478 714 eum
500 651 584 734 apud
600 653 774 714 Romanam
796 654 890 715 Pont.
908 653 1100 728 Paschatem,
1122 651 1162 715 de
1182 661 1249 714 tra-

156 754 277 817 ditione
295 753 354 814 sitsi
379 753 520 836 imposita
542 763 708 816 excusaret.
751 753 817 814 Sed
829 749 1041 837 praevaluisse
1060 753 1248 837 suspiciones,

157 873 200 916 ex
219 854 406 938 mqueadbm
428 865 568 938 apparat.
611 854 687 914 Car.
707 853 1020 936 xnvu1.Eagetradus
1038 862 1141 917 autem
1162 853 1247 916 miles

154 952 282 1036 qnidam
303 953 337 1014 ia
369 953 534 1016 Ierusalem
560 963 719 1037 repertas,
742 954 923 1016 maneribus
943 954 1060 1038 magnis
1083 954 1123 1014 ab
1143 954 1247 1036 impe.

154 1061 264 1117 ratore
286 1051 478 1132 honoratus,
508 1053 592 1116 bona
628 1055 741 1116 nuncia
769 1055 955 1137 reportavit,
975 1063 1007 1117 et
1027 1055 1196 1118 amicitiam
1215 1063 1247 1117 et

153 1153 247 1214 fidem
268 1153 345 1238 Regi
369 1153 547 1216 Baldewino
559 1156 783 1237 imperatorem
803 1154 882 1218 velte
901 1155 1079 1239 observare,
1100 1163 1132 1220 et
1151 1177 1245 1238 perc.
1307 1172 1311 1184 ’
1350 1230 1353 1237 .

153 1253 260 1336 griuos
281 1276 345 1316 nou
367 1253 450 1318 ultra
472 1255 639 1318 offendere.
682 1254 743 1318 Sed
756 1257 925 1338 Episcopus
947 1255 1174 1341 aliquantalum
1195 1278 1245 1320 re-

152 1357 234 1416 nisus
256 1364 303 1418 est
324 1354 521 1437 imperatori,
543 1364 676 1439 propter
698 1355 913 1419 infidelitatem
934 1379 1008 1440 erga
1020 1357 1134 1435 Gallos,
1151 1380 1245 1442 qnam

149 1457 192 1518 ab
213 1477 250 1518 eo
272 1457 412 1518 extorsit.
466 1457 671 1540 Quapropter
698 1457 729 1518 iu
764 1456 970 1520 amaritudine
1001 1458 1094 1520 animi
1114 1459 1244 1521 Romam

148 1555 293 1637 tendens,
314 1557 653 1642 ipsamlmpcratorem
674 1559 853 1622 criminatus
875 1569 921 1622 est
942 1562 974 1622 iu
998 1560 1125 1622 ccclesia
1143 1561 1243 1623 Benc-

148 1667 306 1735 veatana‚
328 1667 360 1720 et
391 1657 462 1720 idco
492 1659 651 1741 assumptis
676 1657 787 1722 litteris
817 1659 910 1744 ipsias
930 1660 1115 1744 Apostolici,
1135 1663 1242 1746 queri.
1338 1663 1341 1669 '

147 1760 254 1820 monia
275 1759 379 1842 gravis
407 1756 490 1840 apud
513 1781 618 1822 omnes
647 1761 809 1845 Principes
830 1761 947 1826 Galliac
975 1783 1067 1846 super
1088 1763 1156 1848 ipso
1177 1765 1241 1826 lm-

145 1868 301 1941 peratore
320 1858 403 1920 saeta
425 1868 478 1922 est.
