2984 4800
271 303 399 368 'XLVlll
596 301 762 366 ntvtnts
790 303 1030 370 HOFSCHELll
1316 307 1327 339 '

277 457 330 518 vir
351 475 485 539 nequam
504 463 537 518 et
557 455 714 536 subdolus,
739 479 812 518 oum
831 466 908 520 esset
929 459 962 518 in
981 455 1100 540 palatio
1119 455 1287 540 Nicephori
1312 459 1372 524 de·

277 557 405 618 cessoris
435 559 481 616 sui
500 575 645 633 summus,
666 567 698 620 et
718 558 865 640 princeps
894 560 1038 636 militiae,
1071 566 1182 618 contre
1209 560 1371 622 domiuum

278 677 368 717 suum
389 656 541 718 malitiose
556 656 767 734 recalcitrans,
783 659 895 740 quinto
915 661 963 720 rel
986 668 1070 720 sexto
1084 666 1156 718 unte
1175 657 1257 720 hanc
1275 681 1369 743 erpe-

278 755 430 818 ditionem
443 776 535 832 euuo,
557 754 827 850 domino'depnlso
847 757 1012 838 imperium
1037 758 1202 834 invaserat,
1226 767 1259 820 et
1281 761 1370 820 invu-

277 875 346 916 sum
365 855 510 938 nequiter
530 855 699 917 detinebut.
742 857 804 934 Hic
821 878 944 938 semper
963 857 1160 938 propositum
1177 857 1291 920 habens
1312 861 1370 920 fat·

278 953 369 1031 leudi,
391 975 481 1038 saepe
502 975 572 1016 cum
588 954 759 1037 peregrinis
771 957 868 1018 rerba
880 957 1010 1038 pacifica
1024 956 1215 1040 loquebatur
1233 962 1266 1018 iu
1282 959 1370 1040 dolo,

277 1065 449 1136 suspectum
473 1056 587 1136 iugiter
607 1055 722 1116 habens
744 1055 1314 1138 multitudinemcrucesignatorum,
1336 1070 1370 1120 et

276 1155 403 1215 militiae
422 1155 622 1236 probitatem.
644 1153 738 1216 Unde
756 1155 781 1214 si
797 1156 985 1238 quaudoque
1006 1177 1121 1218 nocere
1143 1158 1281 1234 cessavit,
1303 1181 1369 1220 nou

207 1267 212 1274 '
278 1253 338 1314 hoe
358 1256 481 1316 virtutis
504 1255 615 1330 extitit,
637 1253 690 1316 sed
714 1255 845 1315 timoris.
888 1257 984 1318 Anno
1000 1278 1093 1316 ucnr.
1114 1257 1205 1317 Tuuc
1226 1258 1369 1338 lmpero.

278 1353 468 1431 torAlexius,
493 1363 524 1416 et
542 1354 690 1435 proditor
706 1354 916 1436 nequissimus,
936 1364 1119 1417 nostrorum
1139 1354 1276 1417 invidens
1296 1379 1371 1417 suc.

277 1455 426 1532 cessilsus,
459 1454 570 1515 Turris
601 1453 797 1531 infidelibus,
830 1475 888 1535 per
921 1477 1057 1538 qnorum
1090 1466 1189 1518 terras
1205 1457 1370 1537 peregrini

159 1571 165 1580 ·
276 1553 439 1616 transituri
461 1563 559 1630 erant,
580 1554 706 1615 crebras
720 1555 888 1616 transmisit
901 1556 1055 1636 epistolas,
1075 1555 1241 1618 exhortans
1263 1565 1369 1618 utten-

276 1655 359 1732 tius,
390 1674 429 1715 ne
461 1663 583 1715 tuntum
603 1653 854 1716 Christianorum
884 1654 1037 1737 populum
1061 1655 1160 1718 libere
1178 1656 1315 1727 transire
1336 1659 1370 1718 iu

274 1774 361 1815 suam
380 1754 551 1835 perniciem
569 1761 764 1835 peterentur.

357 1855 574 1916 Murruusr
607 1856 1086 1916 Wssruoussreurrnsrs
1114 1874 1259 1916 scores
1294 1854 1369 1916 llr.

274 1973 386 2018 eron.
403 1973 485 2016 suno
509 1973 601 2014 urcr.
623 1951 743 2028 Alexius
765 1961 843 2013 tuuc
861 1953 1013 2033 temporis
1035 1953 1161 2014 Graecis
1184 1954 1369 2036 imperabat,

275 2057 324 2116 vir
343 2055 468 2137 quidem
488 2053 655 2132 subdolus,
677 2059 710 2114 et
737 2053 927 2114 nostratibus
950 2074 1071 2136 semper
1090 2073 1203 2136 puram
1224 2075 1295 2114 cum
1316 2055 1368 2115 in.

272 2154 354 2218 sidiis
375 2161 609 2217 nocumentum.

253 2271 264 2284 ⁶
356 2255 456 2338 Atque
477 2257 555 2316 liuec
577 2254 616 2314 de
637 2251 747 2314 Alexis·
766 2251 902 2314 moribus
923 2249 1017 2333 vulgo
1036 2249 1129 2336 apud
1149 2251 1275 2314 hlium
1295 2256 1368 2338 opi.

271 2357 323 2419 nio
342 2355 492 2417 obtinuit:
523 2374 602 2415 uuus
622 2371 709 2437 quem
731 2373 785 2434 ego
805 2353 929 2435 legerim
957 2354 1161 2415 Aussurus
1182 2355 1367 2417 Caroni.

273 2476 341 2517 eus
367 2456 526 2528 docens
539 2474 592 2531 rs,
622 2472 648 2515 a
680 2454 840 2513 Reineccio
860 2453 948 2514 liudo
976 2454 1111 2515 censet
1132 2454 1368 2534 Hierosolymi-

272 2556 357 2631 tani,
377 2555 443 2615 sine
461 2552 598 2617 auctoris
618 2554 738 2613 nomine
759 2552 870 2630 editus,
891 2552 1078 2613 commodius
1098 2552 1137 2613 de
1155 2554 1209 2614 illo
1229 2574 1289 2615 non
1307 2576 1367 2615 uno

272 2654 342 2716 loco
373 2656 472 2715 sensit.
522 2654 565 2713 sio
591 2666 623 2713 ut
652 2652 767 2713 alicubi
787 2654 848 2713 eim
873 2653 1057 2737 apolegetem
1071 2654 1147 2731 fere
1173 2675 1215 2714 ex
1231 2655 1367 2736 pmsesso

271 2756 377 2835 egerit,
398 2754 461 2815 Lrs.
475 2774 543 2814 viu.
558 2752 631 2813 Car.
645 2772 725 2813 xnvr.
748 2752 836 2813 Fecit
857 2753 940 2813 enim
961 2752 1041 2812 famu
1063 2753 1094 2812 iu
1114 2752 1233 2835 populo
1246 2754 1366 2814 Cethe.

272 2853 342 2932 lieo,
365 2853 450 2938 quod
473 2853 565 2935 ipsius
577 2853 779 2933 Imperatoris
793 2854 928 2931 (Alexis)
950 2851 1080 2914 occultis
1095 2860 1128 2914 et
1139 2853 1266 2933 perfidis
1285 2872 1365 2913 con.

271 2954 355 3031 siliis,
377 2977 393 3014 a
417 2952 531 3013 comite
551 2948 735 3035 Reymundo
767 2959 799 3013 et
821 2951 970 3013 militibus
991 2950 1193 3033 Tureopolis‚
1213 2949 1364 3013 deductus

271 3053 312 3116 sit
331 3054 483 3115 exercitus
502 3050 783 3133 Longobsrdorum
797 3072 856 3133 per
870 3050 992 3113 deserta
1012 3058 1045 3111 et
1064 3051 1147 3111 invia
1169 3061 1201 3112 et
1220 3051 1365 3113 solitudi-

271 3174 324 3217 nes
346 3154 527 3237 Fleganiae,
560 3160 596 3212 ut
618 3151 681 3212 illic
700 3174 718 3211 u
741 3150 851 3211 Turcis
880 3150 969 3212 facile
988 3170 1064 3233 pree
1085 3150 1165 3211 lame
1186 3158 1220 3211 et
1239 3151 1290 3212 siti
1311 3172 1364 3213 ex·

270 3254 405 3330 haustus,
429 3263 591 3334 superatus
614 3250 821 3313 occideretur.
863 3250 983 3313 Verum
997 3260 1033 3312 ut
1051 3272 1069 3311 a
1088 3250 1232 3313 veridicis
1246 3260 1279 3313 et
1303 3272 1364 3312 uo.

270 3352 382 3416 bilibus
403 3354 477 3414 viris
500 3353 632 3413 relatum
645 3358 699 3425 est,
724 3372 919 3434 nequaqnam
931 3349 993 3412 hoc
1005 3350 1138 3411 nefando
1153 3350 1270 3413 scelere
1293 3352 1363 3413 cul-

271 3450 391 3536 pund'us
412 3460 491 3513 eret.
533 3452 609 3511 Nem
623 3450 741 3532 saepius
763 3450 934 3512 exereitum
953 3451 1161 3532 praemonuit,
1182 3459 1214 3512 et
1235 3448 1364 3513 edocuit

271 3551 450 3615 solitudines
471 3560 503 3613 et
519 3550 717 3629 defectiones,
740 3552 960 3612 etTurcorum
984 3548 1104 3611 insidias
1127 3549 1158 3608 in
1181 3551 1268 3611 inviis
1289 3551 1386 3623 Fls„

271 3654 390 3734 genias,
412 3662 443 3713 et
467 3650 536 3714 ideo
557 3673 609 3712 eos
629 3672 690 3712 non
712 3670 820 3712 secure
842 3659 874 3711 et
891 3658 976 3711 tutos
997 3670 1056 3731 per
1071 3650 1150 3711 hunc
1172 3649 1253 3711 rium
1273 3670 1363 3731 posse

270 3751 424 3814 incedere.
467 3753 541 3813 Cur.
555 3773 650 3811 xuvu.
666 3753 843 3832 Imperator
863 3752 1016 3828 (Alexio)
1037 3753 1210 3812 universnm
1230 3750 1363 3833 petitio.

269 3872 340 3913 nem
360 3851 458 3932 Regis,
477 3872 548 3912 oum
568 3850 829 3921 muneribus,sibi
841 3852 1053 3933 praesentetis,
1074 3850 1106 3910 in
1126 3849 1211 3911 bono
1230 3849 1361 3931 accepit,

270 3950 362 4013 etde
383 3950 468 4011 omni
493 3952 668 4033 suspicione
691 3951 773 4012 necis
783 3948 1077 4033 Lougoburdorum,
1099 3970 1194 4032 quem
1217 3947 1363 4009 adversus

268 4070 341 4111 eum
363 4050 528 4111 Christiani
551 4051 718 4127 habebunt,
739 4051 953 4112 iusiurandum
968 4051 999 4110 iu
1016 4049 1074 4109 Dei
1090 4049 1216 4111 nomine
1236 4048 1360 4126 seriens,

268 4170 300 4213 se
322 4151 493 4227 excusavit,
522 4152 710 4232 promittens
740 4172 774 4213 se
804 4150 915 4213 deinde
948 4149 1091 4211 omnibus
1126 4146 1362 4224 misericordem
