2984 4800
265 303 365 366 XVIII
580 297 776 362 LUDOVICI
805 300 1004 366 SCIIOPENI

268 465 364 540 quae
388 437 515 512 codice
540 441 767 536 Augustano,
800 464 898 512 nunc
928 442 1154 536 Monacensi,
1188 446 1358 518 eontine-

267 580 335 637 tur.
397 565 483 636 Earn
521 586 633 660 opera
666 565 753 636 Dav.
790 565 993 664 IIoeschelii
1019 565 1155 638 editam
1181 591 1262 639 esse
1282 568 1357 640 Au-

265 703 355 786 gust.
381 687 520 762 Vindel.
549 713 580 760 a.
604 684 787 782 161611,
811 715 889 760 non
914 690 1082 786 ignorant
1112 690 1255 764 eruditi.
1310 695 1357 768 llt

268 810 356 883 illud
382 811 548 883 nondum
575 813 613 882 iu
637 813 737 883 libris
762 811 809 883 de
831 813 1029 884 litteratura
1052 811 1272 886 Graecorum
1294 842 1355 890 re·

264 937 376 1009 latum
402 936 570 1030 invenio,
599 936 667 1008 hac
702 937 870 1032 Epitcmc
904 962 982 1008 non
1014 937 1152 1031 solum,
1184 952 1225 1010 ut
1247 941 1355 1037 vulgo

267 1062 490 1154 existimant,
522 1083 564 1132 ex
597 1059 776 1132 Alexindis
802 1061 902 1132 libris
940 1074 1023 1135 octo
1046 1061 1251 1157 prioribus,
1287 1063 1354 1135 sed

266 1209 308 1256 ex
333 1198 413 1256 toto
448 1185 520 1258 lere
556 1209 668 1279 opere
693 1185 869 1280 Excerptu
901 1185 1091 1258 contineri.
1138 1185 1288 1258 Dudum
1312 1185 1355 1258 id

265 1308 411 1402 docuit,
438 1309 503 1382 etsi
528 1333 658 1404 parum
683 1323 867 1402 accurate,
897 1293 950 1380 lo.
977 1306 1107 1380 Christ.
1133 1307 1286 1380 Wolfius
1313 1311 1354 1382 in

265 1430 434 1528 Catalogo
461 1433 597 1504 Femin.
622 1433 708 1506 olim
735 1433 860 1504 illustr.
886 1435 1022 1530 pets.
1072 1433 1249 1506 Nimirum
1272 1431 1354 1504 edi-

263 1558 316 1628 tio
333 1556 554 1651 Hocsohelii,
580 1557 609 1628 si
635 1569 773 1653 septem
794 1557 960 1653 priorum
986 1557 1163 1630 librorum
1189 1572 1226 1628 et
1249 1559 1354 1631 initia

265 1693 301 1752 et
334 1682 447 1754 exitus
482 1681 771 1778 comparaveris,
812 1707 895 1754 cum
929 1681 1092 1754 Parisina
1122 1683 1230 1778 plane
1260 1708 1354 1753 eon-

262 1805 374 1902 gruit,
396 1807 489 1877 liber
514 1818 633 1878 autem
658 1804 807 1876 ultimus
831 1805 1087 1901 complectitur
1110 1829 1186 1899 res,
1211 1806 1352 1878 alibro

261 1931 346 2001 VIII.
380 1955 498 2026 usquc
533 1926 580 2000 ad
605 1929 738 2002 librum
773 1927 859 2000 XIV.
892 1925 1078 2026 [144611.
1112 1933 1352 2027 perscriptas,
1487 1944 1488 1949 ’

262 2053 314 2124 sic
337 2067 379 2124 ut
401 2054 425 2124 l.
440 2052 496 2124 IX.
511 2053 662 2150 incipiat
684 2078 720 2150 p.
738 2057 821 2147 133,
834 2055 908 2146 99,
933 2055 956 2124 I.
969 2053 1011 2123 x.
1030 2081 1067 2150 p.
1085 2051 1233 2150 137,1.,
1259 2056 1282 2126 I.
1293 2055 1351 2125 XI.

261 2202 298 2272 p.
322 2183 413 2269 160,
435 2183 516 2270 26,
547 2176 657 2248 LXII.
689 2201 726 2273 p.
763 2181 830 2250 161
841 2231 853 2271 ,
878 2176 935 2250 16.
997 2178 1189 2275 Utriusque
1219 2180 1352 2275 reliqui

259 2301 344 2376 libri
366 2302 558 2396 Exocrpta,
584 2303 633 2372 ob
660 2301 809 2395 codicis,
828 2315 871 2373 ut
894 2301 1056 2398 ridetur,
1080 2304 1168 2377 lolia
1190 2305 1354 2398 turbata,

261 2426 372 2496 alium
406 2424 593 2497 ordinem·
615 2425 791 2519 hubent,
808 2450 851 2498 ac
882 2450 1004 2499 rerum
1037 2429 1148 2501 series
1180 2431 1350 2525 postulat.

262 2548 369 2619 Liber
399 2549 497 2619 enim
523 2548 611 2619 XIII.
642 2549 771 2645 incipit
791 2576 829 2645 p.
853 2546 1008 2645 163,1ί1.
1065 2552 1157 2623 Turn
1188 2554 1353 2649 sequitur

263 2696 300 2768 p.
317 2666 400 2765 161,
415 2669 471 2743 III.
499 2673 644 2745 initium
663 2675 686 2744 I.
707 2674 792 2744 XIV.
819 2674 922 2747 Hune
938 2700 1060 2747 rursus
1075 2677 1098 2747 I.
1112 2676 1201 2748 XIII.
1221 2676 1355 2771 exeipit

264 2820 301 2891 p.
319 2802 401 2890 170,
421 2792 481 2867 24.
532 2797 671 2868 Ultimis
695 2798 812 2869 tribus
835 2800 976 2895 paginis
999 2800 1210 2897 Fragmenta
1234 2801 1255 2870 l.
1267 2800 1352 2871 XIV.

265 2922 442 3019 leguntur.
493 2920 611 3019 Atque
636 2922 727 2993 haec
752 2924 955 3021 Augustana
978 2923 1145 3019 Epitome
1165 2948 1236 3017 eas,
1262 2948 1355 3019 quas

268 3044 471 3117 Gronovius
485 3044 685 3141 descripsit,
710 3048 820 3142 longo
845 3048 1032 3119 intervallo
1050 3060 1224 3119 vetustate
1246 3072 1355 3143 prae-

267 3183 353 3263 stat,
385 3167 568 3265 siquidem
605 3169 770 3241 conlecta
801 3182 856 3245 est
882 3171 970 3267 ipsis
995 3171 1119 3243 Annae
1145 3167 1355 3241 Comncnae

266 3294 505 3389 temporibus.
558 3290 665 3366 Cuius
686 3294 739 3365 rei
764 3308 976 3391 argumento
1002 3306 1075 3387 est,
1098 3292 1356 3390 (111οά10.Ζο-

269 3440 385 3511 naras,
411 3416 534 3489 Annae
559 3418 740 3514 aequalis,
767 3442 810 3490 ea
835 3420 907 3490 iam
927 3443 1013 3490 usus
1037 3420 1227 3515 reperitur.
1277 3418 1356 3510 Sic,

269 3541 408 3611 uthoc
431 3555 532 3636 utar,
557 3542 683 3613 Annal.
708 3544 812 3613 Tom.
830 3542 886 3613 III.
918 3568 956 3637 p.
973 3545 1077 3636 236,
1102 3543 1168 3614 ubi
1192 3567 1283 3635 rem,
1307 3542 1356 3612 ab

271 3663 374 3735 Anna
396 3664 434 3735 L.
449 3666 488 3737 V.
503 3670 537 3739 5.
558 3693 595 3765 p.
611 3663 695 3740 948.
720 3666 912 3760 traditam,
937 3665 1064 3761 refert,
1095 3666 1204 3739 huius
1230 3689 1357 3739 rrarra·

269 3788 409 3859 tionem
434 3815 511 3862 non
536 3793 613 3889 ipse
634 3789 832 3889 compendi
855 3790 958 3885 lecit,
984 3789 1049 3862 sed
1074 3792 1191 3887 qualis
1214 3792 1254 3863 in
1270 3789 1358 3884 Epi-

270 3924 371 3984 tome
404 3916 552 4012 legitur,
589 3916 812 3989 adverbum
844 3915 1041 4011 exscripsit.
1101 3916 1175 3989 Nee
1208 3900 1356 4006 dubito,

274 4036 365 4133 quin
391 4038 479 4109 olim
503 4038 577 4110 hoc
594 4042 807 4137 opusculum
832 4040 945 4137 magis
958 4063 996 4110 se
1009 4039 1204 4137 legentium
1231 4024 1360 4109 studiis

274 4164 601 4261 commendaverit,
626 4190 736 4263 quam
763 4166 875 4265 ipsius
893 4166 1016 4237 Annae
1042 4164 1227 4254 volumen,
1253 4160 1357 4262 quod
