2984 4800
279 309 390 373 xxxi!
670 304 787 368 PETRl
817 303 973 366 POSSlNl

281 500 316 539 ac
336 473 471 538 tenebris
493 473 602 536 iacuit:
626 493 663 534 ac
684 493 756 534 cum
770 472 845 534 olim
860 481 909 535 tot
922 472 998 534 aliae
1021 469 1105 533 nulla
1126 470 1202 534 huic
1224 484 1372 557 exparte

279 581 506 668 comparandae
522 585 729 662 Graecorum,
751 580 891 662 ultimae,
912 579 1044 661 mediae,
1066 581 1189 643 citimae
1211 584 1373 646 vetustatis

282 692 524 768 lucubrationes,
546 689 595 754 vel
616 689 879 752 achetieusibus
900 689 969 750 Aldi
993 689 1084 773 typis,
1109 689 1159 751 vel
1179 711 1196 750 a
1217 689 1373 753 Basileon·

278 801 359 862 sibus
381 799 546 875 Frobcnii,
577 799 624 860 vel
645 797 684 859 ab
716 797 780 858 aliis
811 796 885 858 alibi
910 797 1010 858 lucem
1032 796 1226 877 acceperint;
1248 806 1374 860 etcum

277 907 368 970 multi
390 907 552 970 extiterint
566 915 700 990 utraque
722 905 810 966 docti
834 905 938 986 lingua
960 904 1100 966 homiues
1121 905 1298 988 quibatiue
1319 908 1371 967 in-

277 1015 496 1098 terpretandos
527 1037 544 1077 e
573 1017 694 1077 Graeco
710 1005 713 1014 ’
728 1013 825 1076 libros
859 1013 1021 1074 ambitiose
1050 1015 1285 1096 conquirerent,
1308 1035 1370 1075 una

278 1127 378 1186 ferme
400 1123 541 1186 omnium
561 1125 667 1185 Annae
689 1121 807 1183 Aleriae
828 1121 889 1182 luit
907 1142 1000 1204 quam
1020 1141 1075 1182 sua
1094 1121 1246 1204 quaedam
1267 1122 1372 1184 incre-

276 1231 378 1320 dibilis
400 1229 559 1292 infelicitas
583 1228 795 1313 prohibuerit,
818 1251 857 1291 ne
879 1229 911 1288 in
934 1228 1030 1289 ullum
1051 1249 1199 1312 umquam
1212 1231 1371 1290 Graccum

275 1337 528 1424 Typographum,
555 1337 962 1420 iuLatinumluterpretem
981 1337 1078 1398 ullum
1101 1335 1264 1401 incideret.
1288 1337 1371 1397 Nam

275 1447 571 1509 lloescheliauorusn
595 1455 817 1528 excerptorum
837 1445 1051 1528 Augustanam
1072 1445 1265 1506 emissionem
1286 1444 1373 1506 illam

277 1576 368 1617 nerno
392 1577 507 1639 aequus
529 1555 644 1636 opinor
664 1553 760 1637 magis
772 1552 987 1638 gratulandam
999 1551 1188 1614 Caesarissae
1209 1553 1370 1633 putaverit

276 1685 369 1747 quam
390 1683 561 1745 puerperae
589 1663 737 1726 aborsum
760 1682 866 1744 passae
887 1661 1039 1724 infelicem
1059 1660 1242 1723 eiectionem
1263 1661 1367 1722 foetus

273 1781 448 1834 monstrose
469 1771 571 1834 mutili
595 1781 628 1834 et
647 1770 775 1833 mortui.
816 1771 893 1833 Fuit
908 1780 1013 1834 tamen
1033 1791 1104 1832 cum
1125 1771 1284 1852 respexisse
1297 1771 1367 1832 dn.

274 1901 344 1940 unm
366 1881 478 1942 melior
506 1881 634 1941 fortuna
666 1879 728 1941 risa
757 1886 811 1940 ast.
862 1878 991 1940 lacobus
1021 1879 1161 1939 Cuiacius
1194 1877 1242 1938 vir
1273 1877 1367 1960 longe

274 1987 413 2049 omniurn
434 1988 580 2069 ingenio,
602 1987 682 2048 luris
709 1986 854 2063 scientia,
877 1985 1068 2067 Lingaarum
1096 1986 1208 2046 notitia
1232 1986 1366 2048 clarissi.

272 2117 358 2174 mus,
387 2095 536 2158 Alexiadis
561 2093 700 2158 codicem
723 2105 848 2171 nactus,
868 2094 963 2176 legit,
983 2095 1135 2176 suspexit,
1159 2093 1362 2176 praedicavit.

273 2203 426 2288 Denique,
453 2227 516 2288 quo
542 2203 617 2265 nibil
630 2207 746 2281 Annae,
768 2201 844 2264 nihil
866 2204 911 2262 rei
930 2201 1099 2263 litterariae
1123 2201 1283 2264 consulere
1304 2223 1365 2285 op.

270 2314 433 2394 portuaius
449 2315 564 2394 potuit,
588 2312 657 2373 viro
673 2311 755 2373 illam
770 2309 965 2370 ornatissimo
978 2309 1251 2393 eruditissimoque
1274 2332 1365 2372 com.

269 2420 426 2483 mendavit
447 2422 542 2482 Petro
565 2420 679 2498 Fabro,
703 2440 721 2479 a
745 2438 809 2502 quo
828 2417 997 2480 editionem
1019 2442 1090 2480 cum
1102 2420 1363 2502 interpretatione

268 2528 377 2590 Latina
408 2530 606 2589 coniunctam
637 2540 762 2610 sperare
782 2530 877 2609 ipsam
899 2536 1074 2610 oporteret.
1116 2532 1157 2591 At
1180 2549 1200 2590 o
1222 2526 1363 2588 fallacem

271 2634 490 2699 reconciliatae
519 2656 590 2697 eum
620 2645 706 2697 sorte
736 2633 863 2697 adversa
891 2636 1010 2718 gratiae
1032 2634 1144 2698 fidem!
1198 2634 1363 2697 recruduit

268 2743 358 2805 brevi
382 2744 522 2805 atrocior
541 2766 636 2827 qaam
664 2754 755 2806 autea
789 2744 924 2805 fatorum
955 2744 987 2805 in
1009 2745 1128 2807 Annam
1148 2744 1257 2827 rigor:
1280 2763 1364 2803 nun.

271 2872 428 2935 quamque
448 2850 676 2934 desperavimus
689 2850 727 2914 de
742 2852 794 2913 illa
804 2853 911 2913 iustius
934 2872 1029 2935 quam
1042 2852 1095 2913 ubi
1116 2852 1257 2935 proxime
1276 2871 1364 2932 spem

271 2979 462 3021 veneramus.
505 2960 711 3022 Subtrahitur
740 2960 832 3022 rebus
867 2960 1007 3021 humanis
1040 2982 1078 3022 re
1108 2960 1222 3022 iniecta
1248 2960 1362 3020 Faber.

269 3068 436 3150 Exemplar
460 3068 584 3129 unicam
607 3068 756 3131 Alexiadis
777 3091 813 3131 ex
836 3070 899 3130 eius
919 3068 1039 3147 scriniis
1062 3069 1141 3130 clam
1162 3088 1304 3129 aversum
1327 3068 1361 3129 in

271 3176 374 3237 nescio
397 3176 483 3260 quod
495 3176 678 3238 barathrum
694 3199 808 3261 quasve
832 3161 973 3239 latumias
993 3176 1196 3239 contruditur
1217 3176 1364 3237 inexora-

268 3283 338 3347 bilis
367 3285 542 3347 custodiae:
578 3287 634 3347 nisi
666 3288 771 3369 potius
800 3286 896 3370 (quod
926 3286 1134 3348 verisimiliter
1165 3286 1217 3346 alii
1240 3288 1364 3364 rentur)

270 3414 341 3453 casu
365 3392 500 3477 quodam
520 3392 631 3491 ipsesto
646 3394 846 3477 absumptum
867 3403 912 3455 est
932 3394 1084 3456 funditus.
1109 3394 1168 3455 Hic
1189 3402 1242 3454 tua
1264 3414 1364 3477 quae-

271 3500 352 3578 dam,
372 3500 435 3563 Vra
454 3504 651 3585 turanum,
674 3524 780 3563 rerum
800 3502 866 3563 fato
880 3500 1046 3585 prodentia
1067 3504 1169 3563 maior
1185 3511 1218 3563 et
1236 3502 1269 3561 in
1294 3522 1363 3562 rem

271 3608 456 3671 litterariam
486 3610 576 3671 uallis
603 3609 789 3673 deterrenda
814 3590 1056 3689 difficultatibus,
1078 3609 1168 3671 nullis
1188 3606 1365 3671 coercenda

272 3714 383 3777 linibus
403 3716 592 3801 benignitas,
617 3716 703 3778 velut
733 3739 751 3779 e
776 3716 919 3778 machina
937 3719 1040 3795 Deus,
1067 3716 1177 3782 adfuit.
1224 3716 1364 3797 capessis

270 3822 351 3884 hanc
384 3845 514 3902 curam,
543 3824 669 3887 adhibes
699 3826 854 3903 auimum,
884 3826 1011 3887 lustrari
1038 3824 1245 3887 bibliothecas
1266 3823 1365 3901 iubes,

273 3952 387 4007 versas,
411 3933 552 4017 inquiris,
576 3955 637 4016 qua
658 3932 739 3995 vales
759 3944 895 4015 propter
916 3954 1064 3995 summam
1084 3936 1283 3994 autoritatem
1304 3950 1369 4012 po.

271 4048 382 4101 testate
395 4039 496 4122 longe,
520 4061 631 4122 prope,
653 4043 683 4101 in
710 4049 859 4119 nostrate,
881 4040 913 4101 in
933 4050 1040 4104 extero
1062 4042 1138 4119 solo,
1159 4040 1287 4115 moliris,
1311 4040 1363 4099 iu-

271 4145 382 4231 dagas,
403 4149 524 4231 retegis,
545 4151 655 4233 satagis
678 4150 824 4235 plurima.
868 4150 1038 4237 Postquam
1057 4150 1129 4212 satis
1151 4147 1292 4213 constitit
1313 4146 1364 4207 ni.
