2984 4800
310 291 473 354 nnvtnts
504 290 741 356 nouscnuttt
770 288 1011 352 semusto,
1108 289 1204 354 xuttt

122 477 230 558 partim
265 475 378 536 mendo
402 475 521 536 librarii
555 460 710 552 tollendo,
743 461 860 556 purtim
893 406 1016 536 tienne
1043 472 1204 556 explendo,

121 595 331 656 nonnusquam
365 577 460 638 etiam
481 577 565 637 Notis
586 575 739 658 quaedum
759 574 961 652 illustrando,
982 582 1133 658 quantum
1153 577 1203 636 iu.

120 676 195 757 genii
217 677 350 736 tenuitas
379 667 424 738 est
445 697 542 757 passu,
565 675 778 758 temporisque
806 675 955 757 angustia,
977 676 1106 757 siquod
1127 692 1205 756 opo-

124 797 171 836 rue
191 776 331 856 pretium
351 775 481 846 candide
505 775 685 836 iudicntnris
707 775 839 837 videbor
859 776 986 851 fecisse,
1008 774 1119 834 laboris
1138 794 1204 836 nou

121 875 229 958 ubsque
252 877 357 957 magui
381 876 442 936 viri
463 876 633 938 autoritate
658 877 793 958 suscepti
813 875 913 936 minus
935 895 986 936 me
1004 873 1202 955 poenitebit3

120 985 149 1036 et
178 972 215 1034 ad
237 976 314 1036 otios
337 977 504 1058 scriptores
534 975 584 1037 vel
610 977 758 1058 integrius
789 987 885 1058 etque
910 975 1122 1051 emendatius,
1153 972 1203 1036 vet

120 1077 206 1134 etiem
231 1094 330 1138 novos
349 1098 385 1136 ex
406 1077 514 1138 eadem
535 1087 636 1138 vestra
659 1077 754 1138 illust.
767 1075 847 1137 Biht
861 1072 1064 1156 publicandos
1083 1073 1202 1161 fecilius

120 1172 282 1236 invitabar.
323 1176 406 1237 Deus
429 1178 505 1256 Opt.
527 1177 570 1236 M.
589 1177 629 1238 A.
642 1175 680 1237 V.
700 1177 787 1236 cuius
804 1174 943 1256 susspicio
961 1182 995 1236 et
1013 1173 1202 1237 liberalitate

121 1273 272 1334 laboribus
293 1273 327 1334 id
349 1296 443 1356 genus
463 1296 576 1336 vacere
599 1296 746 1356 possum,
774 1275 940 1338 florentem
961 1284 1057 1358 utque
1076 1272 1201 1336 incolu-

120 1394 193 1434 rncus
213 1395 309 1456 quam
334 1373 502 1438 diutissime
524 1384 700 1436 conservet.

232 1491 387 1572 Augustae
407 1489 499 1553 Vind.
521 1489 623 1574 pridie
642 1491 720 1552 Non.

155 1586 327 1670 Septembr.
350 1594 390 1656 A.
414 1594 445 1659 S.
469 1595 508 1656 N.
531 1593 662 1654 Mucx.

739 1693 775 1753 A.
818 1692 857 1754 V.
900 1692 940 1756 0.

657 1811 790 1874 Dnvtn
814 1809 1108 1874 Hosscnuntus.
1132 1809 1167 1870 A.

521 2027 779 2042 m

399 2235 480 2296 AD
524 2227 906 2293 LECTOREM.

129 2409 188 2501 Er
207 2436 385 2523 quindecim
407 2436 517 2497 Annae
539 2430 710 2493 Comnenae
733 2430 1035 2514 Porplryrogeanetae
1066 2425 1199 2488 Alexia-

118 2540 158 2598 ‹lis
174 2540 266 2615 libris,
290 2558 364 2619 quos
386 2536 543 2595 illustrium
564 2532 825 2593 Biblr'otlrecarum
850 2529 992 2611 catalogi
1009 2529 1122 2590 dudum
1144 2530 1198 2589 ia·

118 2653 200 2714 etant,
223 2652 292 2699 octo
314 2638 363 2697 lzic
384 2636 489 2695 danuu
505 2647 650 2717 perpetuo
658 2635 734 2713 sere
754 2633 932 2693 lacunatos:
957 2646 1028 2716 quot
1047 2646 1077 2693 et
1093 2630 1199 2716 quales

118 2740 247 2815 nimirum
269 2760 313 2798 ex
337 2736 517 2817 Augustano
546 2735 732 2817 errtograplw
755 2746 986 2815 repraesentare
1004 2734 1096 2793 licuit.
1138 2729 1197 2790 Sa·

117 2840 167 2895 tius
184 2842 263 2899 enim
295 2840 393 2897 visum
423 2858 485 2895 rem
510 2835 692 2894 litterariam
720 2834 803 2894 nolis
829 2835 907 2893 lianc
934 2834 1086 2892 semissem
1119 2850 1198 2891 nunc

117 2938 225 3019 quidem
241 2938 371 3013 debere,
397 2956 493 3022 quam
522 2950 582 2997 toto
612 2948 764 2995 aeternum
786 2954 901 2995 carere.
951 2934 1151 3013 Integriorum
1171 2942 1201 2990 et

119 3039 267 3099 meliorum
291 3018 515 3123 exemplarium
543 3036 678 3109 domini,
700 3038 813 3095 utinum
836 3034 990 3095 invidiam
1009 3054 1067 3093 non
1075 3033 1198 3110 serunt,

118 3150 141 3194 et
157 3138 317 3199 luminibus
339 3140 446 3200 nostris
458 3138 681 3220 quamprimum
692 3135 855 3209 obstruant.
900 3132 1198 3194 Praestantissimum
1308 3142 1311 3145 ’

117 3234 238 3298 Fulrum
268 3240 397 3319 Regium
429 3238 552 3297 Tolosae
582 3249 746 3296 senatorem
782 3236 960 3295 nominatim
987 3232 1197 3317 appellamus,

24 3376 25 3381 κ
118 3338 192 3418 apud
209 3361 302 3422 quem
324 3338 432 3417 magni
456 3338 577 3397 Οιιίαείἰ
598 3337 732 3397 codicem
752 3349 878 3396 exstare
903 3336 999 3395 aiunt.

190 3438 289 3500 Porro
312 3437 425 3499 Annae
430 3436 514 3523 fidei
536 3436 703 3520 periculum
731 3438 765 3497 in
784 3458 832 3497 me
850 3457 910 3496 non
933 3432 1055 3517 recipio,
1076 3431 1201 3492 memim‘

117 3538 192 3617 apnel
212 3537 379 3623 Vopiscum
399 3539 504 3618 legere,
526 3536 679 3598 neminem
693 3536 896 3619 scriptorum,
918 3544 1070 3619 quantum
1091 3530 1130 3593 ud
1148 3530 1200 3591 hi·

117 3637 236 3697 storiam
258 3641 407 3721 pertinet,
433 3661 496 3699 non
518 3637 636 3721 aliquid
662 3659 725 3698 esse
747 3640 925 3700 mentitum:
948 3656 1017 3699 cum
1035 3634 1199 3698 maestio-

117 3736 193 3795 uilnu
215 3738 374 3800 incaluere
396 3740 507 3819 animi,
533 3734 657 3819 difficile
678 3738 839 3799 ueritatem
861 3750 939 3798 recto
965 3734 1053 3798 oculo
1072 3718 1199 3809 menum,

24 3868 25 3889 r
118 3846 141 3891 rt
157 3838 211 3897 nix
231 3852 276 3898 est
300 3841 372 3919 quin
392 3838 514 3921 aliquid
531 3838 658 3922 patriae
679 3852 709 3897 et
725 3837 916 3922 propinquis,
943 3836 1025 3897 inter
1044 3830 1119 3919 quos
1131 3848 1199 3915 pa·

24 3956 25 4015 t
118 3945 156 3989 ter
168 3938 271 4016 primo
295 3938 372 4017 loco,
392 3940 569 4016 concedant,
588 3938 618 4019 si⁸
640 3940 819 4022 praesertim
826 3938 989 4016 foeminae
1017 3951 1126 3995 marnis
1145 3949 1199 3991 ea·

24 4020 25 4077 i
118 4030 221 4096 lantum
243 4038 348 4100 ducat.
390 4038 453 4099 Hic
474 4054 520 4100 est
527 4034 782 4115 foedissimorum
809 4038 1010 4100 convitiorum
1018 4036 1109 4113 fisus,
1128 4031 1199 4113 qui-

24 4158 25 4163 *
117 4129 160 4193 lus
178 4138 273 4199 Aeria
296 4138 444 4201 interilum
473 4140 656 4201 muliebriter
669 4143 701 4201 in
728 4140 863 4218 Latium,
885 4134 1081 4221 Pontificem,
1100 4130 1198 4197 alios·
1265 4118 1269 4125 ¹
