2984 4800
269 315 390 382 xnvt.
598 315 764 378 Davtnts
793 311 1035 380 domenatur

269 489 341 530 rum
363 467 498 548 malitia,
529 478 561 531 ct
582 489 715 554 nequam
744 468 870 531 illorum
893 469 1048 552 Principia
1071 471 1154 531 lanus
1176 481 1207 534 ct
1230 473 1366 537 circum.

268 569 375 631 ventio
396 569 556 652 pertinax,
577 570 707 630 maxime
739 591 809 630 cnm
840 591 915 652 erga
944 591 996 632 cos
1018 581 1104 632 tanta
1128 572 1312 636 iiberalitate
1332 587 1367 638 et

269 667 413 730 simulata
441 669 540 752 gratia
562 667 763 731 redundaret.
814 669 886 736 Car.
903 693 949 732 xx.
970 673 1084 753 Sicque
1105 672 1248 754 quotidie
1270 677 1367 757 magis
1483 724 1484 727 ,

268 777 301 832 ct
323 771 417 854 magis
439 773 636 832 Graecorum
658 768 758 847 dolus,
777 779 810 830 et
828 769 914 830 fraus
930 772 1132 854 imperatoris
1152 773 1286 853 (Alexis)
1310 776 1366 837 de-

268 869 453 952 tegebatur,
484 869 527 930 ita
557 878 593 932 ut
614 869 675 929 iam
703 891 796 930 nemo
827 879 905 932 esset
932 869 972 933 de
994 871 1194 953 Principibus
1226 875 1278 933 eui
1300 896 1365 936 non

270 980 346 1030 esset
368 969 574 1046 manifestum,
594 979 626 1029 et
641 969 710 1030 lucc
724 967 895 1031 meridiana
910 971 1033 1048 clarius,
1048 981 1166 1054 quanto
1188 973 1262 1034 odio
1282 995 1364 1056 pro.

268 1068 456 1152 sequebatur
476 1070 629 1151 populum
650 1077 803 1145 nostrum,
825 1079 858 1131 et
879 1091 973 1131 omne
996 1091 1090 1152 genus
1104 1072 1287 1134 Latinorum
1306 1074 1365 1134 ha-

266 1167 357 1229 beret
379 1167 521 1229 invisum.
564 1168 634 1230 Car.
650 1189 707 1228 xxr.
739 1168 905 1252 Quidquid
927 1177 1032 1230 autem
1063 1170 1253 1254 loquebatur
1272 1175 1364 1249 (Ale-

265 1269 346 1344 xim)
368 1266 457 1329 dolos
479 1277 548 1330 crat
569 1277 601 1330 ct
621 1267 859 1330 circumventio.
901 1268 965 1329 Lrn.
978 1291 1037 1330 vu.
1062 1271 1135 1331 Cur.
1153 1291 1203 1332 ιι.
1224 1271 1365 1334 Fratules

267 1367 349 1428 enim
372 1369 572 1449 Imperatoris
600 1369 730 1447 (Anam
761 1368 878 1430 eteius
898 1369 1045 1445 versutia,
1069 1391 1145 1452 quas
1167 1371 1288 1453 saepius
1309 1394 1365 1432 ex.

267 1468 349 1550 perti
370 1469 515 1545 filerunt,
549 1467 706 1530 declinare
729 1465 913 1530 iudicabant
942 1470 1149 1546 commodius,
1170 1491 1211 1532 ne
1230 1471 1294 1533 eius
1315 1473 1364 1532 la.

266 1567 423 1650 byrintbis
446 1575 478 1629 et
498 1567 677 1650 ambagibus
700 1567 815 1628 iterum
843 1589 877 1629 se
898 1569 1106 1647 involverent,
1126 1591 1143 1631 a
1166 1571 1277 1653 quibus
1298 1593 1364 1633 non

265 1668 337 1728 sutis
359 1665 449 1729 facile
468 1667 669 1749 postmodnm
690 1675 816 1756 possent
835 1668 982 1750 expediri.
1034 1670 1101 1731 Lm.
1117 1691 1144 1730 ι.
1167 1669 1239 1732 Car.
1249 1692 1300 1732 ιιι.
1322 1675 1366 1736 At

265 1788 343 1829 vero
363 1768 447 1829 idem
461 1769 615 1845 (Alexim)
631 1770 817 1850 Imperator,
840 1777 962 1830 vetusto
978 1771 1174 1831 Graecorum
1194 1791 1284 1832 more
1300 1793 1364 1834 no.

264 1876 403 1928 urorum
429 1868 615 1930 successibus
638 1867 794 1945 invidens,
816 1869 956 1951 quamvis
987 1889 1057 1946 eos,
1079 1879 1116 1930 nt
1144 1869 1363 1951 praediximus,

266 1966 351 2050 apud
371 1988 404 2029 se
426 1968 496 2030 sutis
517 1967 652 2051 benigne
681 1968 856 2045 habuisset,
880 1970 1004 2030 occulte
1025 1969 1097 2030 inde
1118 1989 1175 2050 per
1194 1971 1362 2033 internun-

265 2069 329 2131 cios
353 2068 529 2153 frequcntes
551 2071 584 2130 in
605 2089 716 2132 eornm
747 2068 919 2152 perniciem
939 2068 1040 2131 hostes
1061 2069 1248 2148 solicitabat,
1270 2079 1302 2132 et
1320 2073 1362 2134 ab

268 2187 378 2228 eorum
415 2168 552 2230 adventu
584 2169 704 2231 crebris
738 2168 872 2251 epistolis
901 2178 934 2230 et
965 2169 1152 2230 nunciorum
1173 2167 1361 2234 discursibus

264 2267 418 2330 reddebat
437 2269 663 2350 instructiores,
685 2289 738 2330 eos
760 2289 978 2349 praemonens,
1002 2289 1041 2329 ne
1062 2277 1183 2330 tantum
1204 2271 1361 2352 populum

264 2389 321 2431 sno
354 2367 490 2452 periculo
520 2368 621 2431 libere
654 2368 789 2430 transire
819 2369 991 2451 patiantur.
1043 2368 1153 2431 Vicem
1182 2371 1360 2453 scorpionis

264 2488 375 2551 agens,
397 2468 543 2552 quicum
565 2490 629 2531 non
659 2468 699 2528 sit
723 2468 755 2529 in
774 2468 854 2529 facie
880 2468 967 2550 qnod
987 2469 1153 2545 formides,
1184 2471 1360 2551 prudenter

263 2569 372 2630 feceris
403 2569 427 2629 ei
457 2568 575 2630 candae
602 2567 784 2653 posterioris
820 2568 978 2631 declinare
1008 2570 1128 2652 poteris
1160 2572 1355 2634 maleficium.

261 2670 329 2730 Lus.
344 2688 400 2730 ιιι.
422 2668 496 2730 Car.
513 2690 544 2730 v.
563 2669 625 2731 Per
645 2668 730 2731 idem
754 2678 874 2752 tempus
895 2672 983 2751 (auno
1007 2668 1111 2746 1118.)
1133 2671 1357 2733 Constantino.

262 2767 417 2850 politanus
439 2772 614 2852 Imperator
636 2770 766 2847 Alexius,
787 2770 972 2831 Latinorum
992 2771 1140 2832 maximus
1162 2773 1356 2853 perseeutor,
1422 2808 1425 2816 ·

263 2868 357 2931 rebus
375 2868 516 2931 humanis
536 2882 694 2953 exemptas
712 2880 768 2932 est.

346 2968 565 3033 Roasarns
588 2990 805 3033 uouscans
827 2968 1356 3035 naCuarsrrsroauuraru·

263 3074 398 3129 curun
419 3090 703 3133 raoracrrons
726 3092 763 3131 ιιι
784 3072 941 3133 Sauram
962 3071 1079 3133 Lrnll.
1123 3074 1354 3135 Subdolusita.

264 3188 324 3250 que
350 3169 527 3250 Imperator
557 3171 712 3249 (Alexim)
739 3170 846 3232 videns
878 3191 1019 3233 crescere
1047 3180 1147 3234 castra
1166 3174 1236 3250 Dei,
1261 3174 1356 3248 etde

264 3268 313 3329 die
335 3269 365 3329 in
390 3270 471 3331 diem
501 3270 704 3352 augmentari,
724 3270 814 3352 inops
834 3271 950 3347 animi,
976 3292 1081 3355 expers
1101 3292 1215 3351 sensns,
1236 3295 1356 3357 pauper

262 3370 399 3447 consilii,
431 3370 477 3431 ira
508 3370 680 3432 vehementi
712 3372 817 3451 coepit
843 3370 969 3431 anxiari.
1024 3374 1111 3434 Mens
1140 3374 1222 3435 enim
1243 3375 1355 3438 fraude

264 3469 354 3550 plena
374 3492 498 3553 semper
528 3472 670 3531 anxiatur
703 3480 735 3533 et
765 3480 810 3532 est
830 3469 959 3547 solicita,
989 3481 1021 3534 et
1044 3472 1130 3556 quod
1156 3474 1355 3536 machinatur

262 3568 351 3629 alteri
376 3571 565 3651 pertimescit
586 3570 643 3631 sibi
665 3590 787 3652 semper
807 3570 988 3633 machinari.
1032 3576 1065 3634 ln
1088 3582 1191 3635 mente
1213 3576 1355 3655 impera.

260 3669 340 3729 toris
371 3690 491 3751 semper
526 3672 640 3733 mansit
671 3671 868 3733 fraudulenta
900 3672 994 3733 lictio.
1051 3674 1215 3757 Quidquid
1238 3673 1355 3735 iuravit

261 3776 363 3829 totum
379 3770 556 3845 exinanivit,
572 3770 645 3855 quia
666 3772 797 3852 periurii
812 3792 923 3832 noxam
937 3774 1102 3835 incurrere
1116 3774 1237 3853 maluit,
1259 3795 1355 3856 qnam

260 3875 382 3949 gentem
404 3870 599 3931 Francorum
623 3892 641 3931 a
664 3873 723 3931 suis
748 3870 860 3931 finibus
882 3892 944 3932 non
968 3872 1121 3955 elongari.

343 3968 562 4031 Consanos
596 3992 717 4032 sasas
750 3970 1056 4035 Unsrsucuusrs
1081 3994 1220 4035 canon.
1245 3994 1353 4035 asso

261 4088 340 4149 ner.
383 4068 463 4132 Eece
491 4070 592 4129 subito
623 4092 767 4131 murmur
795 4072 953 4150 exoritur,
975 4073 1105 4133 invisum
1127 4075 1353 4154 imperatorem

261 4168 430 4247 (Aletrium)
460 4170 640 4231 Tuscorum
671 4171 773 4253 quotins
803 4194 898 4254 quam
928 4172 1179 4234 Clmistienoruus
1199 4172 1284 4254 parti
1305 4174 1354 4231 fu·
