2984 4800
537 271 778 338 usurario,
841 298 845 304 ¹

413 503 679 560 LATINORUM
713 504 913 582 llLlQUOT
1026 531 1030 538 =

227 653 313 719 DE
372 651 663 720 ALEXIO
725 653 1098 722 COMNENO
1201 601 1220 694 i·

478 809 842 876 TESTIMONIA.

575 971 759 986 Ἠ

128 1089 396 1182 Gurnrsrrrus
417 1121 571 1184 Trerus
593 1142 639 1182 na
658 1139 783 1182 annno
804 1121 1068 1184 sacnnLrnll.
1086 1120 1208 1182 Carav.

125 1221 265 1283 Praeerat
287 1231 391 1282 autem
411 1241 471 1302 per
493 1221 526 1282 id
558 1229 679 1302 ternpus
703 1222 899 1282 Graecorum
921 1220 1056 1302 lmperio
1079 1222 1127 1282 vir
1150 1242 1209 1284 ne-

126 1343 209 1403 quam
231 1332 263 1384 ct
283 1321 442 1396 subdolus,
458 1319 580 1384 Aleriae
603 1321 741 1398 nornine,
762 1320 949 1404 cognomine
972 1323 1117 1382 Comutio
1140 1321 1208 1394 (Co-

124 1426 242 1498 maenus)
265 1419 375 1484 dictas.
419 1421 569 1498 Quicum
588 1429 664 1485 esset
682 1421 713 1482 in
731 1421 885 1503 imperiali
907 1421 1023 1502 palatio
1043 1446 1062 1487 a
1083 1422 1208 1482 domino

31 1535 32 1540 ’
124 1521 300 1602 Nicephoro,
322 1529 531 1604 cognomento
564 1519 754 1582 Rotbomath
788 1522 967 1597 (Batauiotc)
996 1522 1050 1603 qui
1076 1531 1153 1583 tunc
1176 1521 1209 1582 in

124 1621 242 1703 sceptris
260 1643 353 1704 agens
377 1622 626 1703 principabatur,
649 1621 820 1703 plurimum
841 1621 1024 1697 honoratus,
1046 1629 1079 1684 et
1099 1625 1207 1702 Mega-

31 1761 32 1808 3
125 1719 273 1786 domestici
303 1720 456 1806 dignitate
485 1726 588 1804 (quern
611 1741 666 1782 nos
696 1721 847 1784 maiorem
869 1722 1079 1783 Senescallum
1098 1721 1210 1802 appel.

31 1839 32 1880 l
125 1821 182 1884 lare
199 1823 424 1901 consuevimus)
440 1821 626 1905 fungeretur
640 1821 753 1900 officio,
776 1821 815 1882 ab
831 1823 1027 1903 imperatore
1044 1821 1207 1899 secundus,

31 1959 32 1986 r
125 1931 225 1984 coam
246 1922 411 1984 dominum
423 1929 456 1984 et
467 1921 699 1984 benefactorem
718 1943 808 1984 snum
830 1922 983 1984 malitiose
995 1922 1206 1998 recalcitrans,

31 2053 32 2108 ᾗ
124 2023 222 2103 quinto
252 2021 305 2084 vel
332 2029 420 2084 serto
447 2041 528 2082 anno
559 2031 726 2104 antequam
750 2019 884 2102 populus
907 2031 1015 2084 noster
1036 2022 1209 2099 accederet,

124 2119 238 2204 depulso
262 2119 394 2183 domino
413 2121 580 2202 imperium
598 2121 763 2195 invaserat,
785 2128 817 2180 et
835 2119 972 2182 retinere
992 2122 1211 2203 praesumebat

124 2221 200 2304 quod
218 2221 377 2284 violenter
398 2230 618 2302 occupaverat.
661 2219 734 2280 Car.
752 2241 779 2281 r.
801 2221 886 2280 Dum
905 2241 983 2282 vero
1001 2220 1076 2282 haec
1098 2221 1131 2282 in
1152 2242 1207 2282 ea.

31 2311 32 2324 ¹
123 2323 184 2382 stris
205 2329 354 2405 aguntur,
372 2335 444 2384 ecce
474 2320 602 2382 domino
625 2317 797 2382 Boaurundi
819 2319 950 2381 nuncius
974 2341 1115 2403 praeseus
1135 2330 1208 2382 ante

124 2422 231 2484 Ducem
252 2421 372 2499 astitit,
392 2419 547 2503 praedicti
579 2421 735 2503 Principis
763 2421 883 2482 litteras
910 2419 1051 2491 deferens
1076 2423 1113 2494 ⁴in
1131 2421 1210 2485 hacc

31 2580 32 2595 ,
124 2522 220 2583 rerba:
242 2521 375 2585 Noreris
395 2520 537 2581 virorum
559 2520 687 2601 optime,
709 2521 794 2603 quod
816 2520 874 2581 tibi
896 2523 1118 2584 contraferam
1136 2543 1210 2604 pes-

31 2620 32 2707 ,
124 2618 217 2683 simam
240 2630 274 2685 et
295 2642 369 2683 com
390 2619 517 2681 bomine
538 2640 670 2702 nequam
694 2620 837 2697 (Alexio)
858 2620 1009 2684 incumbit
1032 2624 1207 2705 negutiante

31 2740 33 2807 i
125 2722 199 2781 cuins
225 2722 425 2803 propositum
457 2728 503 2781 ast
521 2739 644 2801 semper
667 2719 784 2797 fallere,
817 2729 850 2781 et
872 2742 996 2782 omnem
1018 2723 1206 2785 Latinorum

31 2886 32 2889 Ἴ
125 2820 271 2883 nationem
292 2840 392 2904 usque
405 2818 444 2881 ad
456 2830 592 2881 mortem
604 2819 703 2881 modis
718 2820 860 2881 omnibus
882 2822 1023 2902 persequi
1037 2845 1046 2885 r
1068 2830 1100 2884 et
1121 2822 1208 2905 quod

31 2914 32 2927 ¹
126 2918 159 2979 dc
176 2943 212 2983 eo
242 2930 332 2984 recte
351 2920 480 2982 sentiam
493 2964 502 2996 ,
532 2928 588 2981 tuo
620 2918 789 3002 aliquando
817 2921 1049 3002 approbabitur
1081 2922 1208 3000 iudicio,

125 3019 188 3080 novi
206 3022 291 3083 enim
313 3021 511 3082 Graecorum
543 3019 708 3097 malitiam,
732 3030 763 3080 et
783 3018 892 3081 odium
911 3020 1056 3083 adversus
1077 3023 1208 3083 Latino.

31 3128 32 3141 ¹
125 3140 186 3181 rum
206 3143 324 3184 nomen
353 3120 495 3203 pertinax
526 3128 558 3181 cl
580 3118 779 3181 obstinatum.
800 3120 952 3183 crana.
993 3107 1208 3184 Veruntamen

31 3208 32 3279 i
124 3217 193 3283 sicut
211 3222 260 3281 vir
277 3228 349 3283 erat
367 3221 519 3299 (Alexim)
539 3218 695 3295 subdolus,
715 3229 830 3301 potens
845 3220 990 3282 simulare
1013 3230 1045 3281 et
1066 3219 1208 3281 dissimu-

31 3336 32 3397 ᾗ
124 3316 179 3382 lare
199 3320 409 3404 propositum,
429 3321 523 3381 missis
544 3318 728 3403 quibusdam
750 3318 906 3382 nobilibus
927 3342 963 3383 er
983 3320 1044 3381 suis
1059 3318 1234 3402 domesti-¹

31 3440 32 3479 l
124 3418 160 3479 cis
180 3418 217 3481 ad
239 3418 378 3483 eundem
411 3420 514 3481 virum
545 3420 720 3503 egregium,
754 3420 856 3483 verbis
880 3420 1018 3503 pacificis
1038 3420 1067 3483 ei
1085 3420 1207 3482 locutus

31 3512 32 3567 i
123 3520 209 3579 estin
229 3518 331 3597 dolo,
364 3528 485 3581 tentans
505 3520 529 3580 si
554 3518 803 3602 quoquomodo
836 3542 907 3582 eum
926 3531 1031 3603 posset
1052 3520 1207 3603 decipere

124 3614 185 3680 Car.
198 3642 257 3681 riv.
281 3620 344 3681 Hic
365 3618 488 3681 demum
503 3619 620 3700 plenius
641 3621 792 3700 innotuit,
810 3620 896 3704 quod
909 3620 1059 3704 quicquid
1079 3622 1121 3682 eis
1144 3623 1208 3683 lm-

31 3714 32 3793 }
124 3726 242 3797 perator
273 3720 430 3795 (Ababa)
465 3718 671 3801 loquebatur,
702 3718 787 3781 fraus
814 3728 882 3781 erat
909 3729 942 3782 et
967 3719 1209 3783 circumventio.

31 3800 32 3879 i
125 3814 253 3879 Carnu.
278 3818 439 3903 Quodque
447 3818 644 3901 Principibus
666 3817 836 3881 liberaliter
854 3820 1034 3881 contulerat
1054 3821 1208 3900 (Ababa)

31 3912 32 3949 ³
126 3934 173 3977 nec
191 3916 389 3983 liberalitatis
411 3928 479 3981 erat
511 3940 569 3981 nec
592 3920 727 4002 gratiae,
747 3920 800 3982 sed
828 3920 949 3982 timoris
972 3920 1152 4004 desperati,
1178 3930 1210 3982 et

126 4012 334 4081 fraudulentae
355 4019 518 4084 versutiae.
560 4020 679 4083 Nostris
694 4028 798 4082 autem
816 4022 849 4081 in
865 4020 1063 4103 simplicitate
1083 4019 1210 4103 spiritus

31 4174 32 4203 ζ
125 4120 152 4173 et
167 4116 285 4181 sincera
306 4117 370 4181 fide
391 4118 622 4199 incedentibus,
645 4121 695 4185 vir
717 4121 899 4205 persuaderi
916 4130 1045 4207 poterat
1069 4123 1209 4183 Graeco-
