2984 4800
546 333 782 400 urbicario.
1092 335 1202 430 xxxv

122 503 278 594 liquefiant.
336 504 480 590 Denique
510 507 634 568 iuterim
670 506 764 568 bilem
797 514 967 586 erumpunt
990 503 1200 589 indignantus

120 613 267 678 erarduto
291 613 432 675 barbarie
440 613 551 698 palute
571 635 630 674 uon
650 615 784 699 sapuisse
805 613 939 674 salivam
953 613 1093 676 Attum.
1119 616 1203 678 llaec

122 733 150 785 et
169 723 228 786 eius
250 723 372 805 generis
394 730 516 782 caetera
536 729 759 804 praeterquam
779 718 917 802 longum,
938 721 1032 804 ctiam
1049 741 1108 784 nec
1127 723 1202 784 mibi

122 840 307 915 promptum,
330 839 363 892 et
381 829 499 914 alioqui
520 829 602 892 exitu
632 849 744 912 anceps
765 829 863 889 fuerit
883 829 961 891 velle
981 829 1142 912 purgando
1165 851 1203 890 ao

121 962 175 1024 pro
194 963 243 1004 me
278 939 411 1002 dicendo
442 940 595 1002 refellere.
644 941 812 1024 Nunquam
841 937 985 1023 equidem
1014 941 1097 1001 soleo
1128 941 1202 1000 mibi

122 1049 202 1112 nimis
221 1048 373 1112 tribuere.
426 1049 502 1132 quin
524 1047 601 1110 adeo
632 1049 819 1132 plerumque
838 1048 903 1131 ipss
920 1047 995 1108 mibi
1015 1069 1128 1129 parum
1149 1070 1203 1108 ac.

121 1177 191 1241 quus
217 1179 305 1230 sum;
335 1157 454 1240 quippe
475 1157 589 1240 ingenii
620 1177 656 1218 ae
683 1157 837 1218 facultatis
871 1167 989 1240 quanta
1009 1155 1049 1218 ait
1068 1157 1202 1218 tenuitas

121 1265 250 1328 conscius
275 1265 406 1344 unimus,
424 1265 536 1328 iudicia
565 1265 860 1348 reprehendentium
882 1265 932 1326 rel
950 1265 1064 1349 excipit
1083 1281 1215 1328 assensu·

121 1372 204 1450 facili,
223 1375 272 1436 vel
294 1373 381 1436 ultro
398 1374 613 1435 consciscenda
629 1395 762 1436 censura
779 1383 1000 1456 praeoccupat.
1022 1393 1107 1433 nune
1125 1393 1213 1435 vero*

121 1483 203 1542 mam
223 1483 388 1566 plusquam
410 1483 482 1543 alias
503 1481 582 1544 male
599 1491 716 1558 metuo,
737 1503 777 1543 ne
790 1480 863 1543 alibi
882 1482 938 1560 vis,
958 1481 1032 1542 alibi
1054 1501 1113 1560 ars,
1130 1480 1203 1542 olibi

121 1589 238 1652 felicitas
269 1591 418 1674 satagenti
455 1589 529 1652 licet
566 1589 642 1652 mihi
671 1591 851 1672 frustraque
882 1589 1025 1652 molienti
1055 1587 1202 1650 defuerit.

122 1698 323 1775 Quamobrem
345 1695 465 1781 singula
486 1697 608 1760 obieeta
628 1697 652 1758 si
669 1717 847 1781 persequar,
868 1695 1019 1780 quaedam
1037 1697 1122 1758 forte
1142 1699 1204 1758 siut

121 1807 220 1889 quibus
239 1805 395 1869 diluendis
415 1827 472 1868 nee
485 1827 630 1882 coronae,
653 1826 711 1866 nee
732 1804 886 1868 indicibus
905 1805 1099 1884 satisfactam,
1120 1826 1203 1867 non.

122 1915 193 1976 nnlla
214 1917 310 1977 etiam
333 1915 495 1998 inquibus
514 1915 687 1976 accusatori
710 1935 780 1976 rens
798 1921 911 1996 sponte
930 1915 1082 1976 confitens
1102 1915 1205 1996 palam
1287 1926 1291 1936 '

120 2019 180 2084 dem
200 2045 320 2085 manus.
362 2023 560 2085 innocentiae
578 2043 664 2086 meae
685 2019 789 2086 taimen
810 2032 842 2085 et
858 2021 931 2084 fidei
942 2022 1003 2084 boc
1022 2022 1055 2083 iu
1077 2023 1203 2104 negotio

121 2131 245 2212 optimae
270 2151 336 2191 non
356 2153 375 2191 a
395 2133 666 2193 criminationibus
689 2131 785 2213 magis
806 2131 910 2193 alimis
932 2151 1026 2215 quam
1046 2132 1086 2191 ab
1111 2131 1204 2212 ipsius

120 2239 171 2298 mei
190 2239 377 2300 morositate
397 2237 502 2301 iudicii
523 2239 746 2322 periclitantis,
770 2259 809 2302 ne
829 2239 951 2322 penitus
971 2260 1094 2300 cansam
1115 2239 1204 2300 dese·

120 2367 186 2423 ram,
203 2343 418 2430 profitendum
439 2345 490 2409 hic
504 2357 558 2425 est,
583 2368 635 2409 me
648 2357 726 2413 nutu
742 2367 779 2408 uc
792 2346 874 2409 iussu
886 2353 943 2409 tno
962 2353 1103 2431 suscepta
1116 2367 1201 2429 pre.

120 2454 207 2516 vincia
227 2478 327 2539 quam
348 2454 474 2516 minime
497 2454 576 2517 male
600 2455 724 2537 defungi
745 2453 905 2533 studuisse,
927 2455 958 2515 in
980 2475 1018 2517 eo
1041 2476 1100 2519 nec
1119 2464 1200 2518 tem-

119 2562 177 2641 pori
199 2586 255 2626 nec
280 2562 401 2639 labori,
432 2584 488 2624 nec
517 2562 710 2625 contentioni
732 2562 908 2645 pepercisse
930 2584 1080 2645 unquam.
1119 2562 1200 2624 Sne-

117 2690 201 2735 oessns
222 2672 295 2756 quis
318 2670 444 2733 tandem
468 2671 592 2733 conatui
607 2670 815 2754 responderit,
842 2678 879 2731 ut
900 2669 1121 2753 producendae
1143 2692 1199 2732 ne-

119 2780 277 2864 quidquam
300 2778 404 2843 multia
419 2778 587 2863 clepsydris
602 2779 765 2863 apologiae
778 2778 993 2862 compendium
1013 2798 1077 2839 uno
1098 2779 1198 2839 verbo

117 2884 219 2967 faeiem,
240 2892 292 2950 tui
308 2890 382 2950 Vra
401 2888 503 2950 Mur
514 2910 579 2969 ua,
603 2889 720 2967 iudicii,
742 2890 787 2949 tui
808 2888 934 2950 arbitrii
948 2909 996 2950 res
1008 2896 1084 2949 esto.
1106 2908 1197 2948 nemo

118 2994 168 3055 erit
187 2996 330 3058 omnium
356 3000 414 3073 (sat
443 2998 517 3073 scio)
549 3008 613 3059 tam
636 2998 786 3081 'pervicax
817 2996 871 3079 qni
898 2998 922 3057 si
941 2997 1043 3059 miuns
1062 3005 1198 3079 propter

116 3106 323 3187 amplissimum
354 3108 592 3191 magistratum,
628 3130 692 3191 quo
721 3107 797 3167 iuris
832 3114 865 3167 et
884 3105 975 3189 aequi
996 3102 1195 3169 moderamen

116 3210 176 3273 'libi
195 3236 351 3276 summum
365 3216 552 3278 attributum
565 3224 620 3292 est,
641 3225 726 3276 certe
740 3223 875 3295 propter
890 3215 1078 3286 notissimam
1092 3214 1196 3274 omni-

116 3320 171 3399 bns,
193 3331 223 3385 et
243 3327 334 3387 ultra
356 3316 449 3386 etiam
470 3346 564 3407 quam
587 3323 712 3405 lrnperii
733 3322 808 3384 fines
820 3322 930 3384 Gallici
952 3324 1121 3405 pertinent,
1144 3342 1196 3383 ce-

115 3425 218 3492 lebrem
241 3454 279 3493 ec
301 3431 512 3493 venerabilem
543 3432 739 3513 aequitatem,
760 3428 905 3492 doctrina
927 3431 1012 3490 varia
1034 3429 1194 3513 omnisque

115 3540 219 3615 generis
239 3540 394 3622 sapientia
428 3541 643 3617 coniunctam,
676 3560 739 3599 non
768 3550 840 3602 tuae
858 3538 1001 3601 standum
1022 3536 1193 3598 definitioni

115 3656 208 3723 putet:
230 3672 280 3711 me
304 3649 432 3733 quidem
450 3650 524 3731 ipso,
547 3668 746 3731 quocumque
766 3650 831 3709 alea
852 3646 992 3723 verterit,
1015 3646 1094 3707 adeo
1117 3646 1193 3707 nibil

115 3766 210 3815 eontra
231 3767 408 3839 exceptore
430 3757 477 3821 vel
492 3760 718 3839 provocatura,
740 3764 775 3817 ut
796 3758 1041 3837 subscriptorem
1053 3753 1192 3835 adstipu-

116 3857 296 3948 latoremque
318 3865 539 3949 cuiuscumque
560 3846 662 3927 sensus
685 3864 731 3925 tui
752 3864 813 3924 iam
836 3861 910 3923 binc
930 3864 1014 3923 ultro
1035 3861 1192 3946 pollicear.

114 3962 151 4028 'fe
167 3971 228 4034 lere
251 3973 283 4034 in
309 3972 475 4035 scribendo
496 3974 672 4055 spectabam
694 3972 794 4045 unice,
815 3970 873 4031 tibi
895 3992 944 4032 me
963 3970 1115 4053 fingebam
1133 3990 1192 4050 pa-

114 4074 283 4163 rthumque:
308 4082 364 4141 tibi
389 4081 413 4140 si
447 4081 557 4162 placui,
582 4079 702 4141 abunde
734 4078 882 4139 mercedis
905 4090 959 4145 est.
1002 4100 1072 4140 nam
1094 4099 1190 4159 prae-

114 4187 242 4267 terquam
276 4188 363 4272 quod
393 4188 489 4251 landis
519 4190 661 4271 publicae
688 4185 935 4270 praeiudicium,
967 4189 1057 4249 favor
1086 4196 1191 4247 tantae
