2984 4800
174 308 183 329 ,
272 256 297 316 x
589 249 797 334 ¹nunovrcr
827 248 1026 314 senorum

273 397 328 488 lit,
349 392 436 466 odio
456 393 627 490 implerit.
654 395 722 466 Res
741 393 827 464 satis
851 405 939 464 neta
952 405 1101 466 estcum
1123 417 1165 466 ex
1193 394 1249 488 iis,
1270 420 1364 492 quae

273 523 311 625 ip
335 519 465 618 Syllog.
497 517 608 614 Epist.
634 519 756 590 Burm.
781 519 885 588 Tem.
902 518 958 588 111.
991 544 1027 613 p.
1056 522 1138 590 175.
1167 521 1248 590 179.
1281 524 1361 594 186.

275 647 357 716 192.
375 667 457 740 sqq.
475 645 611 714 11575.
640 657 843 735 narrantur,
866 655 945 714 tum
969 665 1055 714 vero
1080 643 1188 715 etiam
1214 668 1256 714 ex
1279 644 1364 740 Fpi-

172 815 181 842 0
272 768 365 840 stola
391 767 589 860 Gronovii,
615 764 1194 840 1111111161111111111111111656.
1219 765 1302 840 data
1327 782 1363 840 et

273 893 368 972 libro
395 890 442 963 de
474 891 653 964 sestertiis
689 891 892 964 subiuncta.
958 891 1000 964 ln
1036 916 1079 962 ea
1114 891 1273 987 Epistola
1309 892 1364 964 rir

160 1007 161 1012 ¹
271 1016 596 1113 praestantissimus
627 1015 720 1088 haee
742 1016 888 1110 scribit,
918 1041 954 1114 p.
977 1017 1081 1088 681.:
1110 1015 1247 1109 „Narro
1271 1017 1362 1104 tibi,

270 1165 332 1212 me
357 1142 494 1214 llomae
518 1141 651 1238 partim
676 1165 780 1234 mea,
796 1141 938 1237 partim
963 1141 1078 1212 multo
1103 1163 1192 1211 auro
1215 1136 1362 1212 redem-

272 1277 335 1361 pta
368 1289 480 1337 manu
514 1264 743 1362 descripsisse
774 1263 961 1338 Alexiades
985 1263 1111 1340 Annae
1136 1261 1363 1358 comnenae,
1412 1255 1416 1262 ’

93 1470 99 1479 ,
202 1449 204 1454 .
271 1403 310 1461 11
333 1392 421 1487 quia
445 1388 663 1462 mendosum
690 1404 767 1462 erat
791 1391 998 1487 exemplar,
1023 1414 1107 1460 cum
1132 1389 1362 1484 Florentino,

270 1514 321 1584 ob
347 1513 443 1586 hanc
465 1515 581 1611 ipsam
613 1539 757 1586 eausam
788 1515 829 1588 iu
853 1539 935 1588 eam
969 1515 1121 1608 urbem,
1152 1537 1263 1610 quarn
1288 1513 1361 1584 iam

269 1636 452 1732 videram,
492 1663 675 1710 reversum
711 1639 916 1712 contulisse.
976 1638 1074 1710 Fecit
1104 1635 1203 1710 idem
1236 1652 1364 1740 postea

269 1763 422 1834 otiosius
454 1763 566 1835 Lucas
598 1761 826 1858 Holstenius,
863 1787 906 1834 ex
941 1762 1043 1836 cuius
1076 1760 1205 1836 codice
1238 1787 1363 1834 meum

270 1885 476 1984 exemplum
499 1911 721 1984 paraveram,
744 1888 832 1958 etsi
858 1885 968 1960 edere
992 1886 1136 1980 vellem,
1160 1887 1261 1958 illum
1287 1887 1359 1957 iam

270 2009 560 2096 emendatiorem
594 2012 752 2108 benigne
784 2011 928 2086 obtulit.
978 2011 1064 2084 llrat
1093 2023 1172 2082 tum
1198 2011 1237 2081 in
1263 2009 1363 2080 ltalia

268 2133 343 2210 Nic.
358 2135 541 2229 Heinsius,
567 2149 708 2210 etcum
733 2137 883 2208 sarcinis
906 2136 1075 2229 librariis,
1100 2159 1191 2232 quas
1202 2132 1361 2209 Venetiis

269 2260 449 2354 mittebat,
475 2260 627 2334 curandi
653 2259 701 2334 ad
722 2287 783 2334 me
807 2260 968 2334 studium
989 2260 1239 2356 pollicebatur.
1288 2255 1362 2328 Sed

266 2381 344 2455 non
380 2385 502 2481 potuit
538 2383 662 2457 induci
695 2384 923 2477 Holstenius,
958 2396 1000 2455 ut
1036 2408 1121 2453 eum
1152 2383 1363 2453 thesaurum

269 2508 361 2579 mari
386 2470 649 2579 committeret:
675 2507 853 2578 terrestris
876 2507 935 2578 ria
959 2506 1084 2602 potior
1106 2505 1192 2576 visa.
1245 2504 1364 2575 luter-

270 2644 396 2727 ccptus
432 2645 485 2703 est
509 2632 602 2705 liber
629 2632 669 2703 in
692 2630 828 2724 Gallia,
858 2628 1085 2725 traditusque
1120 2630 1160 2699 P.
1183 2628 1361 2704 Pessinos

267 2766 310 2823 ut
332 2766 487 2825 verteret
508 2780 550 2826 ac
574 2756 786 2851 publicaret.
837 2753 880 2825 ld
904 2776 1019 2851 quum
1041 2778 1109 2849 per
1125 2752 1247 2830 literas
1262 2748 1362 2832 indi-

270 2892 385 2951 casset
409 2878 501 2951 mihi
528 2876 774 2975 Cramoysius,
806 2876 979 2974 respondi
1009 2901 1079 2951 nos
1104 2900 1233 2949 omnes
1257 2876 1361 2947 bono

268 3002 417 3097 publico
442 3002 605 3100 profiteri
622 3027 805 3099 operam:
831 3026 914 3098 ·qua
944 3002 984 3073 in
1009 3026 1048 3072 re
1079 3000 1109 3071 si
1133 3000 1225 3071 alius
1249 2998 1359 3071 alium

169 3119 172 3128 “
266 3139 529 3220 anteverteret,
552 3152 630 3199 non
656 3126 854 3197 simultates
877 3122 1136 3222 sarseipiendas,
1157 3120 1223 3195 sed
1243 3134 1361 3219 grates

268 3249 444 3347 agendas,
482 3249 585 3349 quod
623 3252 749 3323 labore
792 3250 967 3323 sublevari
1009 3271 1188 3322 essemus:
1227 3245 1358 3343 utique

269 3374 358 3468 illis,
386 3401 543 3473 quorum
568 3400 645 3448 non
669 3377 933 3475 restringuntur
955 3374 1051 3448 intra
1084 3384 1275 3469 angustum
1297 3392 1362 3439 eo-

270 3498 375 3595 piae,
400 3513 436 3571 et
461 3514 570 3573 restat
590 3502 695 3594 satis,
719 3502 760 3573 in
786 3526 861 3599 quo
896 3498 1043 3573 laudem
1067 3518 1247 3592 occupare
1271 3516 1360 3590 pos-

271 3620 419 3697 simusft
469 3626 520 3697 Ex
542 3626 599 3696 his
624 3625 743 3697 verbis
766 3623 857 3696 illud
878 3624 986 3696 simul
1011 3620 1240 3718 intelligitur,
1261 3615 1362 3713 Apo-
1482 3615 1485 3622 ’

270 3748 449 3843 graplrum
476 3750 769 3845 Gronoriantun,
795 3751 854 3822 cui
879 3774 926 3821 ne
950 3749 1023 3821 ulla
1048 3746 1199 3845 quidem
1224 3740 1363 3833 notula,

268 3870 370 3943 unde
392 3873 538 3970 originis
557 3876 724 3947 notitiam
739 3874 898 3969 haurias,
924 3872 1105 3968 adscripta
1115 3882 1181 3963 est,
1197 3892 1241 3939 ex
1264 3864 1360 3937 duo-

271 3995 338 4066 bus
363 3996 551 4070 codicibus
576 4012 741 4095 paratum
756 4024 843 4072 esse.
872 3998 1040 4089 Quorum
1054 3994 1205 4092 quidem
1230 4012 1359 4081 unum,

272 4118 516 4195 Florentinum
543 4122 641 4219 dico,
654 4122 852 4197 bandinius
867 4121 907 4195 in
920 4118 1089 4213 Catalogo
1102 4112 1218 4189 Codd.
1233 4111 1358 4188 Graec.
