<?xml version="1.0" encoding="UTF-8"?>
<!DOCTYPE html PUBLIC "-//W3C//DTD XHTML 1.0 Transitional//EN"
    "http://www.w3.org/TR/xhtml1/DTD/xhtml1-transitional.dtd">
<html xmlns="http://www.w3.org/1999/xhtml" xml:lang="en" lang="en">
 <head>
  <title>
</title>
<meta http-equiv="Content-Type" content="text/html;charset=utf-8" />
  <meta name='ocr-system' content='tesseract 3.04.00' />
  <meta name='ocr-capabilities' content='ocr_page ocr_carea ocr_par ocr_line ocrx_word'/>
</head>
<body>
  <div class='ocr_page' id='page_1' title='image "./corpusscriptoru17theogoog/corpusscriptoru17theogoog_0493.png"; bbox 0 0 2984 4800; ppageno 0'>
   <div class='ocr_carea' id='block_1_1' title="bbox 64 2827 70 2858">
    <p class='ocr_par' dir='ltr' id='par_1_1' title="bbox 64 2827 70 2858">
     <span class='ocr_line' id='line_1_1' title="bbox 64 2827 70 2858; baseline 0 0"><span class='ocrx_word' id='word_1_1' title='bbox 64 2827 70 2858; x_wconf 85' lang='lat' dir='ltr'>l</span> 
     </span>
    </p>
   </div>
   <div class='ocr_carea' id='block_1_2' title="bbox 432 242 1241 375">
    <p class='ocr_par' dir='ltr' id='par_1_2' title="bbox 432 242 1241 375">
     <span class='ocr_line' id='line_1_2' title="bbox 432 242 1241 375; baseline 0.005 -12"><span class='ocrx_word' id='word_1_2' title='bbox 432 296 644 365; x_wconf 69' lang='lat' dir='ltr'>narraras</span> <span class='ocrx_word' id='word_1_3' title='bbox 668 288 754 363; x_wconf 68' lang='lat' dir='ltr'>‘un</span> <span class='ocrx_word' id='word_1_4' title='bbox 785 302 839 365; x_wconf 84' lang='lat' dir='ltr'>u.</span> <span class='ocrx_word' id='word_1_5' title='bbox 870 301 899 367; x_wconf 84' lang='lat'>5.</span> <span class='ocrx_word' id='word_1_6' title='bbox 1115 242 1241 375; x_wconf 59' lang='lat' dir='ltr'>¹ddi</span> 
     </span>
    </p>
   </div>
   <div class='ocr_carea' id='block_1_3' title="bbox 93 445 1314 2518">
    <p class='ocr_par' dir='ltr' id='par_1_3' title="bbox 93 445 1314 2518">
     <span class='ocr_line' id='line_1_3' title="bbox 138 445 1214 537; baseline -0.008 -21"><span class='ocrx_word' id='word_1_7' title='bbox 138 447 330 535; x_wconf 76' lang='grc' dir='ltr'><strong><em>ἐπιβεβηκοός</em></strong></span> <span class='ocrx_word' id='word_1_8' title='bbox 347 450 411 514; x_wconf 82' lang='grc' dir='ltr'><strong><em>τοόν</em></strong></span> <span class='ocrx_word' id='word_1_9' title='bbox 430 450 532 514; x_wconf 70' lang='lat' dir='ltr'>addaiu</span> <span class='ocrx_word' id='word_1_10' title='bbox 550 446 633 534; x_wconf 75' lang='grc' dir='ltr'><strong><em>ἔστη.</em></strong></span> <span class='ocrx_word' id='word_1_11' title='bbox 687 452 868 537; x_wconf 74' lang='grc' dir='ltr'><strong><em>κοιμωμένῳ</em></strong></span> <span class='ocrx_word' id='word_1_12' title='bbox 887 445 949 532; x_wconf 82' lang='grc' dir='ltr'>γόρ</span> <span class='ocrx_word' id='word_1_13' title='bbox 970 448 1072 536; x_wconf 78' lang='grc' dir='ltr'><strong><em>τοότιρ</em></strong></span> <span class='ocrx_word' id='word_1_14' title='bbox 1090 448 1133 535; x_wconf 74' lang='grc' dir='ltr'>τῷ</span> <span class='ocrx_word' id='word_1_15' title='bbox 1153 453 1214 530; x_wconf 80' lang='grc' dir='ltr'><strong><em>βα.</em></strong></span> 
     </span>
     <span class='ocr_line' id='line_1_4' title="bbox 139 541 1214 632; baseline -0.003 -18"><span class='ocrx_word' id='word_1_16' title='bbox 139 556 225 614; x_wconf 81' lang='grc' dir='ltr'><strong><em>οιλεῖ</em></strong></span> <span class='ocrx_word' id='word_1_17' title='bbox 242 543 314 614; x_wconf 73' lang='lat' dir='ltr'>odra</span> <span class='ocrx_word' id='word_1_18' title='bbox 337 542 437 630; x_wconf 71' lang='grc' dir='ltr'><strong><em>θόραι</em></strong></span> <span class='ocrx_word' id='word_1_19' title='bbox 459 550 681 631; x_wconf 81' lang='grc' dir='ltr'><strong><em>ἐπεζογοῦντο,</em></strong></span> <span class='ocrx_word' id='word_1_20' title='bbox 710 541 776 612; x_wconf 76' lang='grc' dir='ltr'><strong><em>οὔτ’</em></strong></span> <span class='ocrx_word' id='word_1_21' title='bbox 795 546 881 621; x_wconf 74' lang='grc' dir='ltr'><strong><em>ἐκτός</em></strong></span> <span class='ocrx_word' id='word_1_22' title='bbox 902 547 1092 631; x_wconf 79' lang='grc' dir='ltr'><strong><em>όπηγρόπντι</em></strong></span> <span class='ocrx_word' id='word_1_23' title='bbox 1114 570 1214 632; x_wconf 81' lang='grc' dir='ltr'><strong><em>φρον-</em></strong></span> 
     </span>
     <span class='ocr_line' id='line_1_5' title="bbox 140 645 1215 733; baseline -0.003 -22"><span class='ocrx_word' id='word_1_24' title='bbox 140 645 191 731; x_wconf 82' lang='grc' dir='ltr'>ρό.</span> <span class='ocrx_word' id='word_1_25' title='bbox 233 646 446 712; x_wconf 79' lang='grc' dir='ltr'><strong><em>όλλότοιῦτα</em></strong></span> <span class='ocrx_word' id='word_1_26' title='bbox 475 651 533 727; x_wconf 84' lang='grc' dir='ltr'>μὲν</span> <span class='ocrx_word' id='word_1_27' title='bbox 552 645 591 711; x_wconf 83' lang='grc' dir='ltr'>τῦ</span> <span class='ocrx_word' id='word_1_28' title='bbox 612 652 684 733; x_wconf 74' lang='grc' dir='ltr'><strong><em>περὶ</em></strong></span> <span class='ocrx_word' id='word_1_29' title='bbox 712 645 769 711; x_wconf 88' lang='grc' dir='ltr'>τόν</span> <span class='ocrx_word' id='word_1_30' title='bbox 791 648 933 727; x_wconf 79' lang='grc' dir='ltr'><strong><em>βασιλέα.</em></strong></span> <span class='ocrx_word' id='word_1_31' title='bbox 973 645 1029 711; x_wconf 87' lang='grc' dir='ltr'>τόν</span> <span class='ocrx_word' id='word_1_32' title='bbox 1049 649 1133 728; x_wconf 76' lang='grc' dir='ltr'>όὲγο</span> <span class='ocrx_word' id='word_1_33' title='bbox 1154 650 1215 712; x_wconf 86' lang='grc' dir='ltr'><strong><em>Νι-</em></strong></span> 
     </span>
     <span class='ocr_line' id='line_1_6' title="bbox 139 741 1216 833; baseline -0.004 -22"><span class='ocrx_word' id='word_1_34' title='bbox 139 744 279 833; x_wconf 81' lang='grc' dir='ltr'><strong><em>κηφόρον</em></strong></span> <span class='ocrx_word' id='word_1_35' title='bbox 299 748 372 811; x_wconf 73' lang='lat' dir='ltr'>orla</span> <span class='ocrx_word' id='word_1_36' title='bbox 391 769 439 820; x_wconf 87' lang='grc' dir='ltr'>τις</span> <span class='ocrx_word' id='word_1_37' title='bbox 460 751 505 833; x_wconf 71' lang='grc' dir='ltr'>τῷ</span> <span class='ocrx_word' id='word_1_38' title='bbox 523 746 593 810; x_wconf 78' lang='grc' dir='ltr'><strong><em>τότε</em></strong></span> <span class='ocrx_word' id='word_1_39' title='bbox 607 745 738 826; x_wconf 85' lang='grc' dir='ltr'><strong><em>όῦναμις</em></strong></span> <span class='ocrx_word' id='word_1_40' title='bbox 758 741 884 827; x_wconf 75' lang='grc' dir='ltr'><em>ἀπεῖρξε</em></span> <span class='ocrx_word' id='word_1_41' title='bbox 904 748 962 807; x_wconf 87' lang='grc' dir='ltr'>τοῦ</span> <span class='ocrx_word' id='word_1_42' title='bbox 981 744 1216 829; x_wconf 75' lang='grc' dir='ltr'><strong><em>ἐγχειρήματος.</em></strong></span> 
     </span>
     <span class='ocr_line' id='line_1_7' title="bbox 114 840 1218 929; baseline -0.002 -20"><span class='ocrx_word' id='word_1_43' title='bbox 114 844 196 929; x_wconf 74' lang='grc' dir='ltr'>ὅτὴν</span> <span class='ocrx_word' id='word_1_44' title='bbox 219 846 385 929; x_wconf 62' lang='lat' dir='ltr'>nordeberti</span> <span class='ocrx_word' id='word_1_45' title='bbox 405 842 464 929; x_wconf 78' lang='grc' dir='ltr'>γὰρ</span> <span class='ocrx_word' id='word_1_46' title='bbox 488 843 684 924; x_wconf 74' lang='grc' dir='ltr'><strong><em>θεασόμενον</em></strong></span> <span class='ocrx_word' id='word_1_47' title='bbox 704 843 763 927; x_wconf 73' lang='grc' dir='ltr'>τὴν</span> <span class='ocrx_word' id='word_1_48' title='bbox 780 840 836 907; x_wconf 91' lang='grc' dir='ltr'>τόν</span> <span class='ocrx_word' id='word_1_49' title='bbox 856 843 937 928; x_wconf 75' lang='grc' dir='ltr'><strong><em>α’έρα</em></strong></span> <span class='ocrx_word' id='word_1_50' title='bbox 951 843 1218 925; x_wconf 75' lang='grc' dir='ltr'><strong><em>α’γαρριπόζοοσαν</em></strong></span> 
     </span>
     <span class='ocr_line' id='line_1_8' title="bbox 141 942 1217 1027; baseline -0.002 -20"><span class='ocrx_word' id='word_1_51' title='bbox 141 945 196 1007; x_wconf 81' lang='grc' dir='ltr'><strong><em>καί</em></strong></span> <span class='ocrx_word' id='word_1_52' title='bbox 212 942 319 1027; x_wconf 83' lang='grc' dir='ltr'><strong><em>πόρρω</em></strong></span> <span class='ocrx_word' id='word_1_53' title='bbox 331 968 385 1007; x_wconf 91' lang='grc' dir='ltr'><strong><em>ποι</em></strong></span> <span class='ocrx_word' id='word_1_54' title='bbox 407 942 480 1019; x_wconf 86' lang='grc' dir='ltr'><strong><em>τοῦς</em></strong></span> <span class='ocrx_word' id='word_1_55' title='bbox 493 943 642 1019; x_wconf 75' lang='grc' dir='ltr'><em>κώνωπας</em></span> <span class='ocrx_word' id='word_1_56' title='bbox 664 942 893 1025; x_wconf 78' lang='grc' dir='ltr'><strong><em>οἷπιοθοομόνην</em></strong></span> <span class='ocrx_word' id='word_1_57' title='bbox 904 945 961 1007; x_wconf 77' lang='grc' dir='ltr'>τοῦ</span> <span class='ocrx_word' id='word_1_58' title='bbox 980 944 1043 1005; x_wconf 76' lang='grc' dir='ltr'>τῶν</span> <span class='ocrx_word' id='word_1_59' title='bbox 1060 942 1217 1023; x_wconf 80' lang='grc' dir='ltr'><strong><em>βασιλέων</em></strong></span> 
     </span>
     <span class='ocr_line' id='line_1_9' title="bbox 142 1034 1218 1127; baseline -0.003 -21"><span class='ocrx_word' id='word_1_60' title='bbox 142 1042 279 1127; x_wconf 81' lang='grc' dir='ltr'><strong><em>χρωτός,</em></strong></span> <span class='ocrx_word' id='word_1_61' title='bbox 310 1044 506 1125; x_wconf 78' lang='grc' dir='ltr'><strong><em>παραχρῆμα</em></strong></span> <span class='ocrx_word' id='word_1_62' title='bbox 538 1040 601 1107; x_wconf 88' lang='grc' dir='ltr'>ῦπό</span> <span class='ocrx_word' id='word_1_63' title='bbox 623 1066 656 1105; x_wconf 79' lang='grc' dir='ltr'>τε</span> <span class='ocrx_word' id='word_1_64' title='bbox 675 1037 791 1125; x_wconf 79' lang='grc' dir='ltr'><strong><em>τρόμος</em></strong></span> <span class='ocrx_word' id='word_1_65' title='bbox 820 1039 931 1124; x_wconf 81' lang='grc' dir='ltr'><strong><em>ἔλλαβε</em></strong></span> <span class='ocrx_word' id='word_1_66' title='bbox 948 1044 1042 1123; x_wconf 84' lang='grc' dir='ltr'><strong><em>γυῖα,</em></strong></span> <span class='ocrx_word' id='word_1_67' title='bbox 1064 1034 1218 1121; x_wconf 72' lang='grc' dir='ltr'><strong><em>ὦχρόςτό</em></strong></span> 
     </span>
     <span class='ocr_line' id='line_1_10' title="bbox 140 1134 1250 1227; baseline -0.005 -24"><span class='ocrx_word' id='word_1_68' title='bbox 140 1166 196 1223; x_wconf 89' lang='grc' dir='ltr'><strong><em>μιν</em></strong></span> <span class='ocrx_word' id='word_1_69' title='bbox 217 1134 281 1205; x_wconf 83' lang='grc' dir='ltr'>εἷλε</span> <span class='ocrx_word' id='word_1_70' title='bbox 299 1139 441 1225; x_wconf 84' lang='grc' dir='ltr'><strong><em>παρειός,</em></strong></span> <span class='ocrx_word' id='word_1_71' title='bbox 462 1140 543 1207; x_wconf 75' lang='grc' dir='ltr'><strong><em>κατὰ</em></strong></span> <span class='ocrx_word' id='word_1_72' title='bbox 561 1141 613 1207; x_wconf 89' lang='grc' dir='ltr'>τὸν</span> <span class='ocrx_word' id='word_1_73' title='bbox 632 1140 762 1226; x_wconf 70' lang='grc' dir='ltr'><strong><em>ποιητὴν</em></strong></span> <span class='ocrx_word' id='word_1_74' title='bbox 785 1138 896 1227; x_wconf 68' lang='grc' dir='ltr'><strong><em>φάναι,</em></strong></span> <span class='ocrx_word' id='word_1_75' title='bbox 915 1144 949 1216; x_wconf 72' lang='grc' dir='ltr'><strong><em>ἐς</em></strong></span> <span class='ocrx_word' id='word_1_76' title='bbox 969 1146 1067 1206; x_wconf 83' lang='grc' dir='ltr'><strong><em>νέωτα</em></strong></span> <span class='ocrx_word' id='word_1_77' title='bbox 1087 1138 1140 1203; x_wconf 88' lang='grc' dir='ltr'>τόν</span> <span class='ocrx_word' id='word_1_78' title='bbox 1156 1137 1250 1225; x_wconf 69' lang='lat' dir='ltr'>ord-l)</span> 
     </span>
     <span class='ocr_line' id='line_1_11' title="bbox 142 1233 1218 1326; baseline -0.004 -23"><span class='ocrx_word' id='word_1_79' title='bbox 142 1263 195 1303; x_wconf 88' lang='grc' dir='ltr'>νον</span> <span class='ocrx_word' id='word_1_80' title='bbox 215 1239 443 1323; x_wconf 80' lang='grc' dir='ltr'><strong><em>ιῖναρτὴσαντα.</em></strong></span> <span class='ocrx_word' id='word_1_81' title='bbox 494 1242 549 1304; x_wconf 80' lang='grc' dir='ltr'><em>καί</em></span> <span class='ocrx_word' id='word_1_82' title='bbox 579 1233 667 1315; x_wconf 79' lang='grc' dir='ltr'><strong><em>οὗτος</em></strong></span> <span class='ocrx_word' id='word_1_83' title='bbox 686 1245 745 1320; x_wconf 83' lang='grc' dir='ltr'>μὲν</span> <span class='ocrx_word' id='word_1_84' title='bbox 773 1239 831 1323; x_wconf 70' lang='grc' dir='ltr'>τὴν</span> <span class='ocrx_word' id='word_1_85' title='bbox 851 1237 1066 1326; x_wconf 80' lang='grc' dir='ltr'><strong><em>α’ποφόσιστον</em></strong></span> <span class='ocrx_word' id='word_1_86' title='bbox 1085 1240 1139 1302; x_wconf 87' lang='grc' dir='ltr'>τοῦ</span> <span class='ocrx_word' id='word_1_87' title='bbox 1159 1239 1218 1300; x_wconf 86' lang='grc' dir='ltr'><strong><em>αῦ-</em></strong></span> 
     </span>
     <span class='ocr_line' id='line_1_12' title="bbox 97 1334 1220 1425; baseline -0.004 -22"><span class='ocrx_word' id='word_1_88' title='bbox 97 1334 329 1423; x_wconf 73' lang='grc' dir='ltr'><strong><em>Ιῡτοκρότορος</em></strong></span> <span class='ocrx_word' id='word_1_89' title='bbox 350 1336 475 1425; x_wconf 76' lang='grc' dir='ltr'><strong><em>σφαγήν</em></strong></span> <span class='ocrx_word' id='word_1_90' title='bbox 496 1342 624 1418; x_wconf 82' lang='grc' dir='ltr'><strong><em>ἐμελέτα</em></strong></span> <span class='ocrx_word' id='word_1_91' title='bbox 647 1335 839 1417; x_wconf 73' lang='grc' dir='ltr'><strong><em>διαπαντός,</em></strong></span> <span class='ocrx_word' id='word_1_92' title='bbox 859 1340 973 1403; x_wconf 78' lang='grc' dir='ltr'><strong><em>ἐκεῖνον</em></strong></span> <span class='ocrx_word' id='word_1_93' title='bbox 993 1339 1028 1402; x_wconf 78' lang='grc' dir='ltr'>δὲ</span> <span class='ocrx_word' id='word_1_94' title='bbox 1048 1337 1140 1399; x_wconf 75' lang='grc' dir='ltr'><strong><em>οῦδὲν</em></strong></span> <span class='ocrx_word' id='word_1_95' title='bbox 1156 1337 1220 1398; x_wconf 82' lang='grc' dir='ltr'><strong><em>τιῦν</em></strong></span> 
     </span>
     <span class='ocr_line' id='line_1_13' title="bbox 142 1433 1220 1521; baseline -0.002 -22"><span class='ocrx_word' id='word_1_96' title='bbox 142 1440 375 1521; x_wconf 74' lang='grc' dir='ltr'><strong><em>γιελετηθέντοιν</em></strong></span> <span class='ocrx_word' id='word_1_97' title='bbox 402 1443 469 1502; x_wconf 82' lang='grc' dir='ltr'><strong><em>κατ’</em></strong></span> <span class='ocrx_word' id='word_1_98' title='bbox 489 1439 589 1503; x_wconf 86' lang='grc' dir='ltr'><strong><em>αῦτοῦ</em></strong></span> <span class='ocrx_word' id='word_1_99' title='bbox 609 1434 803 1501; x_wconf 59' lang='lat' dir='ltr'>araturam.</span> <span class='ocrx_word' id='word_1_100' title='bbox 849 1434 932 1518; x_wconf 75' lang='grc' dir='ltr'><strong><em>ταχῦ</em></strong></span> <span class='ocrx_word' id='word_1_101' title='bbox 953 1434 1014 1520; x_wconf 84' lang='grc' dir='ltr'>γόρ</span> <span class='ocrx_word' id='word_1_102' title='bbox 1032 1433 1052 1518; x_wconf 81' lang='grc' dir='ltr'><em>ἧ</em></span> <span class='ocrx_word' id='word_1_103' title='bbox 1071 1436 1220 1517; x_wconf 76' lang='grc' dir='ltr'><strong><em>παιόισκη</em></strong></span> 
     </span>
     <span class='ocr_line' id='line_1_14' title="bbox 142 1534 1221 1630; baseline -0.006 -30"><span class='ocrx_word' id='word_1_104' title='bbox 142 1538 234 1600; x_wconf 85' lang='grc' dir='ltr'><strong><em>τοῦτο</em></strong></span> <span class='ocrx_word' id='word_1_105' title='bbox 254 1540 474 1619; x_wconf 70' lang='grc' dir='ltr'>προσελθοῦσα</span> <span class='ocrx_word' id='word_1_106' title='bbox 496 1534 530 1600; x_wconf 91' lang='grc' dir='ltr'>τό</span> <span class='ocrx_word' id='word_1_107' title='bbox 554 1539 668 1630; x_wconf 53' lang='grc' dir='ltr'>ιλρόιμαΧ</span> <span class='ocrx_word' id='word_1_108' title='bbox 684 1535 862 1618; x_wconf 69' lang='grc' dir='ltr'><strong><em>ἀπήγγειλα.</em></strong></span> <span class='ocrx_word' id='word_1_109' title='bbox 912 1536 1080 1619; x_wconf 76' lang='grc' dir='ltr'><strong><em>τοιγαροῦν</em></strong></span> <span class='ocrx_word' id='word_1_110' title='bbox 1099 1536 1221 1597; x_wconf 71' lang='grc' dir='ltr'>ἐκεῖθεν</span> 
     </span>
     <span class='ocr_line' id='line_1_15' title="bbox 96 1630 1222 1719; baseline -0.003 -22"><span class='ocrx_word' id='word_1_111' title='bbox 96 1642 100 1654; x_wconf 83' lang='grc'><strong>“</strong></span> <span class='ocrx_word' id='word_1_112' title='bbox 143 1638 181 1719; x_wconf 80' lang='grc' dir='ltr'>τῇ</span> <span class='ocrx_word' id='word_1_113' title='bbox 208 1636 273 1713; x_wconf 84' lang='grc' dir='ltr'><strong><em>μετ’</em></strong></span> <span class='ocrx_word' id='word_1_114' title='bbox 301 1632 401 1717; x_wconf 75' lang='grc' dir='ltr'><strong><em>αῦτῆν</em></strong></span> <span class='ocrx_word' id='word_1_115' title='bbox 431 1636 570 1717; x_wconf 77' lang='grc' dir='ltr'><strong><em>ἀπάρας,</em></strong></span> <span class='ocrx_word' id='word_1_116' title='bbox 601 1638 655 1719; x_wconf 81' lang='grc' dir='ltr'><strong><em>τῆς</em></strong></span> <span class='ocrx_word' id='word_1_117' title='bbox 684 1638 888 1719; x_wconf 66' lang='grc' dir='ltr'>προκειμένης</span> <span class='ocrx_word' id='word_1_118' title='bbox 918 1630 993 1698; x_wconf 77' lang='grc' dir='ltr'><strong><em>όόοῦ</em></strong></span> <span class='ocrx_word' id='word_1_119' title='bbox 1022 1632 1145 1715; x_wconf 77' lang='grc' dir='ltr'><strong><em>εἴχοτο,’</em></strong></span> <span class='ocrx_word' id='word_1_120' title='bbox 1169 1632 1222 1695; x_wconf 88' lang='grc' dir='ltr'>τὸν</span> 
     </span>
     <span class='ocr_line' id='line_1_16' title="bbox 145 1728 1221 1819; baseline -0.004 -22"><span class='ocrx_word' id='word_1_121' title='bbox 145 1736 316 1816; x_wconf 82' lang='grc' dir='ltr'><strong><em>α’γνοοῦντα</em></strong></span> <span class='ocrx_word' id='word_1_122' title='bbox 327 1736 385 1814; x_wconf 80' lang='grc' dir='ltr'>μὲν</span> <span class='ocrx_word' id='word_1_123' title='bbox 405 1732 656 1819; x_wconf 69' lang='grc' dir='ltr'><strong><em>ὑποκρινόμενος,</em></strong></span> <span class='ocrx_word' id='word_1_124' title='bbox 679 1736 848 1816; x_wconf 73' lang='grc' dir='ltr'><strong><em>οἰκονομῶν</em></strong></span> <span class='ocrx_word' id='word_1_125' title='bbox 864 1735 963 1798; x_wconf 72' lang='grc' dir='ltr'><strong><em>δὲκαὶ</em></strong></span> <span class='ocrx_word' id='word_1_126' title='bbox 975 1730 1015 1798; x_wconf 83' lang='grc' dir='ltr'>τό</span> <span class='ocrx_word' id='word_1_127' title='bbox 1039 1741 1106 1796; x_wconf 77' lang='grc' dir='ltr'><strong><em>κατ’</em></strong></span> <span class='ocrx_word' id='word_1_128' title='bbox 1125 1728 1221 1796; x_wconf 82' lang='grc' dir='ltr'><strong><em>αῦιὸν</em></strong></span> 
     </span>
     <span class='ocr_line' id='line_1_17' title="bbox 98 1827 1221 1917; baseline -0.004 -19"><span class='ocrx_word' id='word_1_129' title='bbox 98 1835 305 1913; x_wconf 74' lang='grc' dir='ltr'><strong><em>ιὸτοσοῦτον,</em></strong></span> <span class='ocrx_word' id='word_1_130' title='bbox 326 1831 369 1907; x_wconf 80' lang='grc' dir='ltr'><strong><em>τός</em></strong></span> <span class='ocrx_word' id='word_1_131' title='bbox 399 1827 467 1913; x_wconf 73' lang='grc' dir='ltr'><strong><em>ἅμα</em></strong></span> <span class='ocrx_word' id='word_1_132' title='bbox 498 1836 556 1912; x_wconf 82' lang='grc' dir='ltr'>μὲν</span> <span class='ocrx_word' id='word_1_133' title='bbox 576 1833 631 1895; x_wconf 68' lang='grc' dir='ltr'><strong><em>κατ’</em></strong></span> <span class='ocrx_word' id='word_1_134' title='bbox 656 1830 895 1917; x_wconf 71' lang='grc' dir='ltr'><strong><em>φνλάττεσθαι,</em></strong></span> <span class='ocrx_word' id='word_1_135' title='bbox 921 1830 991 1915; x_wconf 75' lang='grc' dir='ltr'><strong><em>ἅμα</em></strong></span> <span class='ocrx_word' id='word_1_136' title='bbox 1017 1833 1053 1895; x_wconf 76' lang='lat' dir='ltr'>di</span> <span class='ocrx_word' id='word_1_137' title='bbox 1072 1830 1127 1895; x_wconf 79' lang='grc' dir='ltr'><strong><em>καὶ</em></strong></span> <span class='ocrx_word' id='word_1_138' title='bbox 1145 1833 1221 1914; x_wconf 73' lang='grc' dir='ltr'>μηδ’</span> 
     </span>
     <span class='ocr_line' id='line_1_18' title="bbox 144 1924 1314 2019; baseline -0.005 -24"><span class='ocrx_word' id='word_1_139' title='bbox 144 1930 309 2015; x_wconf 77' lang='grc' dir='ltr'><strong><em>ἡντιναοῦν</em></strong></span> <span class='ocrx_word' id='word_1_140' title='bbox 330 1924 459 2012; x_wconf 85' lang='grc' dir='ltr'><strong><em>εῦλογον</em></strong></span> <span class='ocrx_word' id='word_1_141' title='bbox 479 1928 579 2013; x_wconf 70' lang='grc' dir='ltr'><strong><em>λαβὴν</em></strong></span> <span class='ocrx_word' id='word_1_142' title='bbox 600 1928 722 1995; x_wconf 75' lang='grc' dir='ltr'><strong><em>διδόναι</em></strong></span> <span class='ocrx_word' id='word_1_143' title='bbox 741 1934 787 2019; x_wconf 72' lang='grc' dir='ltr'>τῷ</span> <span class='ocrx_word' id='word_1_144' title='bbox 810 1931 991 2018; x_wconf 78' lang='grc' dir='ltr'><strong><em>Νικηφόρρι.</em></strong></span> <span class='ocrx_word' id='word_1_145' title='bbox 1033 1932 1066 1995; x_wconf 84' lang='grc' dir='ltr'>ἐν</span> <span class='ocrx_word' id='word_1_146' title='bbox 1079 1940 1140 2006; x_wconf 82' lang='grc' dir='ltr'><strong><em>τοῖς</em></strong></span> <span class='ocrx_word' id='word_1_147' title='bbox 1160 1930 1314 2014; x_wconf 77' lang='grc' dir='ltr'><strong><em>μέ-Ρ.ο55</em></strong></span> 
     </span>
     <span class='ocr_line' id='line_1_19' title="bbox 149 2022 1221 2116; baseline 0 -24"><span class='ocrx_word' id='word_1_148' title='bbox 149 2053 236 2113; x_wconf 83' lang='grc' dir='ltr'><strong><em>ρεσιν</em></strong></span> <span class='ocrx_word' id='word_1_149' title='bbox 257 2022 313 2093; x_wconf 85' lang='grc' dir='ltr'>οῦν</span> <span class='ocrx_word' id='word_1_150' title='bbox 342 2028 501 2111; x_wconf 81' lang='grc' dir='ltr'><strong><em>γενόμενος</em></strong></span> <span class='ocrx_word' id='word_1_151' title='bbox 530 2032 593 2094; x_wconf 77' lang='grc' dir='ltr'>τῶν</span> <span class='ocrx_word' id='word_1_152' title='bbox 612 2032 756 2112; x_wconf 81' lang='grc' dir='ltr'><strong><em>Σερρῦν,</em></strong></span> <span class='ocrx_word' id='word_1_153' title='bbox 786 2032 856 2094; x_wconf 81' lang='grc' dir='ltr'><strong><em>εἰιεί</em></strong></span> <span class='ocrx_word' id='word_1_154' title='bbox 884 2026 1221 2116; x_wconf 77' lang='grc' dir='ltr'><strong><em>όΠορφυρογέννητος</em></strong></span> 
     </span>
     <span class='ocr_line' id='line_1_20' title="bbox 146 2126 1221 2216; baseline -0.001 -24"><span class='ocrx_word' id='word_1_155' title='bbox 146 2131 381 2203; x_wconf 82' lang='grc' dir='ltr'><strong><em>Κωνσταντῖνος</em></strong></span> <span class='ocrx_word' id='word_1_156' title='bbox 410 2128 427 2192; x_wconf 88' lang='grc' dir='ltr'><strong><em>ό</em></strong></span> <span class='ocrx_word' id='word_1_157' title='bbox 449 2129 571 2204; x_wconf 87' lang='grc' dir='ltr'><strong><em>Δοῦιιας</em></strong></span> <span class='ocrx_word' id='word_1_158' title='bbox 599 2126 806 2211; x_wconf 80' lang='grc' dir='ltr'><strong><em>συνεπόμενος</em></strong></span> <span class='ocrx_word' id='word_1_159' title='bbox 832 2132 876 2215; x_wconf 71' lang='grc' dir='ltr'>τῷ</span> <span class='ocrx_word' id='word_1_160' title='bbox 896 2128 1100 2213; x_wconf 84' lang='grc' dir='ltr'><strong><em>αῦτοιιρότορι</em></strong></span> <span class='ocrx_word' id='word_1_161' title='bbox 1120 2132 1221 2216; x_wconf 73' lang='grc' dir='ltr'><strong><em>ᾐτεῖτο</em></strong></span> 
     </span>
     <span class='ocr_line' id='line_1_21' title="bbox 144 2221 1221 2314; baseline 0.002 -23"><span class='ocrx_word' id='word_1_162' title='bbox 144 2229 189 2303; x_wconf 84' lang='grc' dir='ltr'><strong><em>εἰς</em></strong></span> <span class='ocrx_word' id='word_1_163' title='bbox 209 2225 265 2293; x_wconf 88' lang='grc' dir='ltr'>τόν</span> <span class='ocrx_word' id='word_1_164' title='bbox 284 2226 366 2293; x_wconf 80' lang='grc' dir='ltr'><strong><em>ἴόιον</em></strong></span> <span class='ocrx_word' id='word_1_165' title='bbox 384 2226 481 2313; x_wconf 90' lang='grc' dir='ltr'><strong><em>α’γρὸν</em></strong></span> <span class='ocrx_word' id='word_1_166' title='bbox 503 2229 671 2293; x_wconf 86' lang='grc' dir='ltr'><strong><em>καταλῦσαι</em></strong></span> <span class='ocrx_word' id='word_1_167' title='bbox 691 2230 839 2314; x_wconf 76' lang='grc' dir='ltr'><strong><em>ἐπιτερπῆ</em></strong></span> <span class='ocrx_word' id='word_1_168' title='bbox 867 2221 944 2293; x_wconf 87' lang='grc' dir='ltr'><strong><em>ῦντα</em></strong></span> <span class='ocrx_word' id='word_1_169' title='bbox 965 2228 1018 2293; x_wconf 77' lang='grc' dir='ltr'><strong><em>καὶ</em></strong></span> <span class='ocrx_word' id='word_1_170' title='bbox 1038 2225 1134 2293; x_wconf 78' lang='grc' dir='ltr'><strong><em>ῦόασι</em></strong></span> <span class='ocrx_word' id='word_1_171' title='bbox 1154 2245 1221 2309; x_wconf 69' lang='grc' dir='ltr'>ψο-</span> 
     </span>
     <span class='ocr_line' id='line_1_22' title="bbox 93 2322 1221 2413; baseline -0.002 -20"><span class='ocrx_word' id='word_1_172' title='bbox 93 2350 136 2393; x_wconf 77' lang='lat' dir='ltr'>nu</span> <span class='ocrx_word' id='word_1_173' title='bbox 143 2334 236 2412; x_wconf 83' lang='grc' dir='ltr'><strong><em>χροῖς</em></strong></span> <span class='ocrx_word' id='word_1_174' title='bbox 253 2330 307 2391; x_wconf 69' lang='lat' dir='ltr'>aas*</span> <span class='ocrx_word' id='word_1_175' title='bbox 326 2330 467 2410; x_wconf 76' lang='grc' dir='ltr'><strong><em>ποτίμοις</em></strong></span> <span class='ocrx_word' id='word_1_176' title='bbox 479 2322 671 2412; x_wconf 77' lang='grc' dir='ltr'><strong><em>κατάρρυτον</em></strong></span> <span class='ocrx_word' id='word_1_177' title='bbox 689 2326 743 2391; x_wconf 69' lang='grc' dir='ltr'><strong><em>κατ’</em></strong></span> <span class='ocrx_word' id='word_1_178' title='bbox 762 2330 951 2412; x_wconf 70' lang='grc' dir='ltr'><strong><em>ἀποχρῶντα</em></strong></span> <span class='ocrx_word' id='word_1_179' title='bbox 965 2327 1115 2413; x_wconf 81' lang='grc' dir='ltr'><strong><em>οἰιιὴματα</em></strong></span> <span class='ocrx_word' id='word_1_180' title='bbox 1132 2324 1221 2411; x_wconf 77' lang='grc' dir='ltr'><strong><em>ἔχον-</em></strong></span> 
     </span>
     <span class='ocr_line' id='line_1_23' title="bbox 145 2425 1219 2518; baseline 0 -28"><span class='ocrx_word' id='word_1_181' title='bbox 145 2451 186 2492; x_wconf 86' lang='grc' dir='ltr'><strong><em>τα</em></strong></span> <span class='ocrx_word' id='word_1_182' title='bbox 204 2425 283 2514; x_wconf 90' lang='grc' dir='ltr'><strong><em>πρός</em></strong></span> <span class='ocrx_word' id='word_1_183' title='bbox 303 2426 361 2512; x_wconf 74' lang='grc' dir='ltr'>τήν</span> <span class='ocrx_word' id='word_1_184' title='bbox 380 2431 440 2494; x_wconf 91' lang='grc' dir='ltr'>τοῦ</span> <span class='ocrx_word' id='word_1_185' title='bbox 459 2429 613 2510; x_wconf 83' lang='grc' dir='ltr'><strong><em>βασιλέως</em></strong></span> <span class='ocrx_word' id='word_1_186' title='bbox 631 2425 803 2512; x_wconf 76' lang='grc' dir='ltr'><strong><em>ῦποόοχὴν,</em></strong></span> <span class='ocrx_word' id='word_1_187' title='bbox 818 2427 1046 2514; x_wconf 75' lang='grc' dir='ltr'><strong><em>(Ποντὴγοοτις</em></strong></span> <span class='ocrx_word' id='word_1_188' title='bbox 1063 2427 1161 2518; x_wconf 68' lang='lat' dir='ltr'>audags</span> <span class='ocrx_word' id='word_1_189' title='bbox 1182 2425 1219 2491; x_wconf 88' lang='grc' dir='ltr'>τό</span> 
     </span>
    </p>
   </div>
   <div class='ocr_carea' id='block_1_4' title="bbox 214 2619 1221 2896">
    <p class='ocr_par' dir='ltr' id='par_1_4' title="bbox 214 2619 1221 2896">
     <span class='ocr_line' id='line_1_24' title="bbox 218 2619 1221 2702; baseline -0.002 -22"><span class='ocrx_word' id='word_1_190' title='bbox 218 2643 241 2680; x_wconf 91' lang='grc' dir='ltr'><strong><em>ι.</em></strong></span> <span class='ocrx_word' id='word_1_191' title='bbox 258 2630 433 2702; x_wconf 70' lang='grc' dir='ltr'><strong><em>κοιμωμένου</em></strong></span> <span class='ocrx_word' id='word_1_192' title='bbox 450 2619 507 2700; x_wconf 79' lang='grc' dir='ltr'>γόρ</span> <span class='ocrx_word' id='word_1_193' title='bbox 525 2646 623 2684; x_wconf 87' lang='grc' dir='ltr'><strong><em>τουτου</em></strong></span> <span class='ocrx_word' id='word_1_194' title='bbox 639 2628 672 2681; x_wconf 89' lang='lat' dir='ltr'>G.</span> <span class='ocrx_word' id='word_1_195' title='bbox 753 2630 779 2684; x_wconf 75' lang='lat'>³.</span> <span class='ocrx_word' id='word_1_196' title='bbox 795 2622 830 2682; x_wconf 79' lang='lat' dir='ltr'>rei</span> <span class='ocrx_word' id='word_1_197' title='bbox 852 2645 906 2682; x_wconf 86' lang='lat' dir='ltr'>om.</span> <span class='ocrx_word' id='word_1_198' title='bbox 924 2628 982 2686; x_wconf 84' lang='lat' dir='ltr'>CG.</span> <span class='ocrx_word' id='word_1_199' title='bbox 1067 2629 1093 2681; x_wconf 82' lang='lat'>5.</span> <span class='ocrx_word' id='word_1_200' title='bbox 1111 2628 1221 2684; x_wconf 64' lang='grc' dir='ltr'><strong><em>θεασα-</em></strong></span> 
     </span>
     <span class='ocr_line' id='line_1_25' title="bbox 214 2694 1219 2775; baseline -0.004 -21"><span class='ocrx_word' id='word_1_201' title='bbox 214 2715 301 2771; x_wconf 85' lang='grc' dir='ltr'><strong><em>μενος</em></strong></span> <span class='ocrx_word' id='word_1_202' title='bbox 317 2701 347 2750; x_wconf 83' lang='grc' dir='ltr'>Δ.</span> <span class='ocrx_word' id='word_1_203' title='bbox 416 2694 466 2766; x_wconf 70' lang='grc' dir='ltr'>τὴν</span> <span class='ocrx_word' id='word_1_204' title='bbox 483 2701 595 2752; x_wconf 87' lang='lat' dir='ltr'>alterum</span> <span class='ocrx_word' id='word_1_205' title='bbox 613 2717 665 2752; x_wconf 90' lang='lat' dir='ltr'>om.</span> <span class='ocrx_word' id='word_1_206' title='bbox 684 2699 717 2752; x_wconf 89' lang='lat' dir='ltr'>G.</span> <span class='ocrx_word' id='word_1_207' title='bbox 789 2696 1013 2775; x_wconf 74' lang='grc' dir='ltr'><strong><em>ἆναριπλζοοοαν</em></strong></span> <span class='ocrx_word' id='word_1_208' title='bbox 1028 2699 1219 2765; x_wconf 77' lang='lat' dir='ltr'>PG‚recte1l.</span> 
     </span>
     <span class='ocr_line' id='line_1_26' title="bbox 214 2765 1220 2844; baseline 0.007 -23"><span class='ocrx_word' id='word_1_209' title='bbox 214 2771 240 2821; x_wconf 83' lang='grc' dir='ltr'>θ.</span> <span class='ocrx_word' id='word_1_210' title='bbox 259 2769 420 2843; x_wconf 70' lang='grc' dir='ltr'><strong><em>φάναιμλν</em></strong></span> <span class='ocrx_word' id='word_1_211' title='bbox 437 2771 467 2823; x_wconf 79' lang='lat' dir='ltr'>l.</span> <span class='ocrx_word' id='word_1_212' title='bbox 537 2765 567 2824; x_wconf 86' lang='grc' dir='ltr'>τό</span> <span class='ocrx_word' id='word_1_213' title='bbox 612 2770 743 2826; x_wconf 85' lang='grc' dir='ltr'><strong><em>αῦλονΔ.</em></strong></span> <span class='ocrx_word' id='word_1_214' title='bbox 808 2788 846 2822; x_wconf 78' lang='lat' dir='ltr'>ra.</span> <span class='ocrx_word' id='word_1_215' title='bbox 864 2768 1037 2844; x_wconf 75' lang='lat' dir='ltr'>legeauaitgr.</span> <span class='ocrx_word' id='word_1_216' title='bbox 1111 2773 1149 2826; x_wconf 82' lang='lat'>15·</span> <span class='ocrx_word' id='word_1_217' title='bbox 1166 2769 1220 2843; x_wconf 64' lang='lat' dir='ltr'>pir</span> 
     </span>
     <span class='ocr_line' id='line_1_27' title="bbox 215 2839 702 2896; baseline -0.006 -2"><span class='ocrx_word' id='word_1_218' title='bbox 215 2839 277 2894; x_wconf 81' lang='lat' dir='ltr'>add.</span> <span class='ocrx_word' id='word_1_219' title='bbox 295 2841 350 2894; x_wconf 83' lang='lat' dir='ltr'>CG.</span> <span class='ocrx_word' id='word_1_220' title='bbox 438 2856 481 2893; x_wconf 82' lang='lat' dir='ltr'>ar.</span> <span class='ocrx_word' id='word_1_221' title='bbox 499 2843 580 2896; x_wconf 78' lang='grc' dir='ltr'><strong><em>ταῦτ</em></strong></span> <span class='ocrx_word' id='word_1_222' title='bbox 601 2840 626 2892; x_wconf 91' lang='lat' dir='ltr'>d.</span> <span class='ocrx_word' id='word_1_223' title='bbox 647 2841 702 2894; x_wconf 86' lang='lat' dir='ltr'>CG.</span> 
     </span>
    </p>
   </div>
   <div class='ocr_carea' id='block_1_5' title="bbox 146 3024 1254 4232">
    <p class='ocr_par' dir='ltr' id='par_1_5' title="bbox 146 3024 1254 4232">
     <span class='ocr_line' id='line_1_28' title="bbox 146 3024 1220 3148; baseline 0.002 -72"><span class='ocrx_word' id='word_1_224' title='bbox 146 3024 190 3076; x_wconf 84' lang='lat' dir='ltr'>ala</span> <span class='ocrx_word' id='word_1_225' title='bbox 208 3032 327 3093; x_wconf 85' lang='lat' dir='ltr'>gestans,</span> <span class='ocrx_word' id='word_1_226' title='bbox 348 3034 430 3148; x_wconf 56' lang='lat' dir='ltr'>atagos</span> <span class='ocrx_word' id='word_1_227' title='bbox 451 3027 510 3098; x_wconf 87' lang='lat' dir='ltr'>ipso</span> <span class='ocrx_word' id='word_1_228' title='bbox 532 3029 562 3080; x_wconf 89' lang='lat' dir='ltr'>ln</span> <span class='ocrx_word' id='word_1_229' title='bbox 583 3028 678 3080; x_wconf 88' lang='lat' dir='ltr'>limine</span> <span class='ocrx_word' id='word_1_230' title='bbox 703 3028 786 3080; x_wconf 75' lang='lat' dir='ltr'>stetit.</span> <span class='ocrx_word' id='word_1_231' title='bbox 822 3029 922 3082; x_wconf 86' lang='lat' dir='ltr'>etenim</span> <span class='ocrx_word' id='word_1_232' title='bbox 947 3027 993 3080; x_wconf 90' lang='lat' dir='ltr'>bic</span> <span class='ocrx_word' id='word_1_233' title='bbox 1018 3028 1164 3098; x_wconf 86' lang='lat' dir='ltr'>imperator</span> <span class='ocrx_word' id='word_1_234' title='bbox 1180 3026 1220 3078; x_wconf 89' lang='lat' dir='ltr'>ita</span> 
     </span>
     <span class='ocr_line' id='line_1_29' title="bbox 146 3095 1254 3169; baseline -0.001 -21"><span class='ocrx_word' id='word_1_235' title='bbox 146 3095 307 3148; x_wconf 76' lang='lat' dir='ltr'>decumbere</span> <span class='ocrx_word' id='word_1_236' title='bbox 324 3097 381 3150; x_wconf 89' lang='lat' dir='ltr'>sole</span> <span class='ocrx_word' id='word_1_237' title='bbox 403 3106 445 3160; x_wconf 84' lang='lat' dir='ltr'>st,</span> <span class='ocrx_word' id='word_1_238' title='bbox 462 3107 494 3150; x_wconf 90' lang='lat' dir='ltr'>ut</span> <span class='ocrx_word' id='word_1_239' title='bbox 523 3115 612 3169; x_wconf 87' lang='lat' dir='ltr'>neque</span> <span class='ocrx_word' id='word_1_240' title='bbox 638 3099 708 3150; x_wconf 84' lang='lat' dir='ltr'>foree</span> <span class='ocrx_word' id='word_1_241' title='bbox 728 3095 918 3151; x_wconf 73' lang='lat' dir='ltr'>clauderentur</span> <span class='ocrx_word' id='word_1_242' title='bbox 940 3098 1070 3160; x_wconf 77' lang='lat' dir='ltr'>cubiculi,</span> <span class='ocrx_word' id='word_1_243' title='bbox 1091 3113 1141 3148; x_wconf 87' lang='lat' dir='ltr'>nec</span> <span class='ocrx_word' id='word_1_244' title='bbox 1162 3096 1220 3147; x_wconf 87' lang='lat' dir='ltr'>ulla</span> <span class='ocrx_word' id='word_1_245' title='bbox 1240 3099 1254 3117; x_wconf 62' lang='lat'>⁸</span> 
     </span>
     <span class='ocr_line' id='line_1_30' title="bbox 147 3165 1219 3240; baseline -0.001 -22"><span class='ocrx_word' id='word_1_246' title='bbox 147 3174 223 3218; x_wconf 76' lang='lat' dir='ltr'>extra</span> <span class='ocrx_word' id='word_1_247' title='bbox 241 3165 384 3220; x_wconf 77' lang='lat' dir='ltr'>excubaret</span> <span class='ocrx_word' id='word_1_248' title='bbox 394 3168 523 3221; x_wconf 84' lang='lat' dir='ltr'>custodia.</span> <span class='ocrx_word' id='word_1_249' title='bbox 560 3179 691 3222; x_wconf 86' lang='lat' dir='ltr'>caetemm</span> <span class='ocrx_word' id='word_1_250' title='bbox 699 3169 877 3240; x_wconf 84' lang='lat' dir='ltr'>Nicephorum</span> <span class='ocrx_word' id='word_1_251' title='bbox 892 3187 908 3220; x_wconf 89' lang='grc' dir='ltr'>ιι</span> <span class='ocrx_word' id='word_1_252' title='bbox 924 3166 1103 3239; x_wconf 89' lang='lat' dir='ltr'>perpetrando</span> <span class='ocrx_word' id='word_1_253' title='bbox 1120 3166 1219 3218; x_wconf 86' lang='lat' dir='ltr'>scelere</span> 
     </span>
     <span class='ocr_line' id='line_1_31' title="bbox 148 3237 1222 3306; baseline -0.001 -18"><span class='ocrx_word' id='word_1_254' title='bbox 148 3237 239 3288; x_wconf 83' lang='lat' dir='ltr'>divina</span> <span class='ocrx_word' id='word_1_255' title='bbox 256 3237 387 3306; x_wconf 77' lang='lat' dir='ltr'>quaedam</span> <span class='ocrx_word' id='word_1_256' title='bbox 398 3240 434 3290; x_wconf 80' lang='lat' dir='ltr'>ris</span> <span class='ocrx_word' id='word_1_257' title='bbox 452 3248 508 3291; x_wconf 88' lang='lat' dir='ltr'>tum</span> <span class='ocrx_word' id='word_1_258' title='bbox 525 3242 630 3294; x_wconf 79' lang='lat' dir='ltr'>avertit.</span> <span class='ocrx_word' id='word_1_259' title='bbox 666 3257 725 3290; x_wconf 91' lang='lat' dir='ltr'>cum</span> <span class='ocrx_word' id='word_1_260' title='bbox 743 3242 814 3292; x_wconf 89' lang='lat' dir='ltr'>enim</span> <span class='ocrx_word' id='word_1_261' title='bbox 832 3241 955 3292; x_wconf 88' lang='lat' dir='ltr'>ancillam</span> <span class='ocrx_word' id='word_1_262' title='bbox 964 3238 1076 3299; x_wconf 81' lang='lat' dir='ltr'>rideret,</span> <span class='ocrx_word' id='word_1_263' title='bbox 1094 3239 1135 3288; x_wconf 87' lang='lat' dir='ltr'>cui</span> <span class='ocrx_word' id='word_1_264' title='bbox 1152 3251 1222 3288; x_wconf 80' lang='lat' dir='ltr'>ren-</span> 
     </span>
     <span class='ocr_line' id='line_1_32' title="bbox 146 3307 1221 3381; baseline -0.001 -23"><span class='ocrx_word' id='word_1_265' title='bbox 146 3309 199 3358; x_wconf 88' lang='lat' dir='ltr'>tull</span> <span class='ocrx_word' id='word_1_266' title='bbox 219 3307 334 3360; x_wconf 85' lang='lat' dir='ltr'>faciendi</span> <span class='ocrx_word' id='word_1_267' title='bbox 352 3309 505 3380; x_wconf 86' lang='lat' dir='ltr'>culicesque</span> <span class='ocrx_word' id='word_1_268' title='bbox 522 3309 557 3361; x_wconf 83' lang='lat' dir='ltr'>ab</span> <span class='ocrx_word' id='word_1_269' title='bbox 566 3313 755 3381; x_wconf 88' lang='lat' dir='ltr'>imperatorum</span> <span class='ocrx_word' id='word_1_270' title='bbox 776 3311 844 3363; x_wconf 84' lang='lat' dir='ltr'>facie</span> <span class='ocrx_word' id='word_1_271' title='bbox 857 3311 981 3379; x_wconf 79' lang='lat' dir='ltr'>abigendi</span> <span class='ocrx_word' id='word_1_272' title='bbox 1000 3309 1136 3377; x_wconf 80' lang='lat' dir='ltr'>negotium</span> <span class='ocrx_word' id='word_1_273' title='bbox 1155 3313 1221 3370; x_wconf 86' lang='lat' dir='ltr'>crat,</span> 
     </span>
     <span class='ocr_line' id='line_1_33' title="bbox 149 3379 1221 3454; baseline 0 -26"><span class='ocrx_word' id='word_1_274' title='bbox 149 3379 284 3448; x_wconf 81' lang='lat' dir='ltr'>extemplo</span> <span class='ocrx_word' id='word_1_275' title='bbox 303 3387 401 3430; x_wconf 87' lang='lat' dir='ltr'>tremor</span> <span class='ocrx_word' id='word_1_276' title='bbox 427 3389 539 3450; x_wconf 88' lang='lat' dir='ltr'>occupat</span> <span class='ocrx_word' id='word_1_277' title='bbox 565 3391 636 3435; x_wconf 88' lang='lat' dir='ltr'>artus</span> <span class='ocrx_word' id='word_1_278' title='bbox 658 3383 799 3454; x_wconf 86' lang='lat' dir='ltr'>pallorque</span> <span class='ocrx_word' id='word_1_279' title='bbox 821 3383 879 3434; x_wconf 88' lang='lat' dir='ltr'>eius</span> <span class='ocrx_word' id='word_1_280' title='bbox 902 3381 974 3450; x_wconf 85' lang='lat' dir='ltr'>capit</span> <span class='ocrx_word' id='word_1_281' title='bbox 997 3396 1085 3448; x_wconf 83' lang='lat' dir='ltr'>genas,</span> <span class='ocrx_word' id='word_1_282' title='bbox 1113 3385 1145 3429; x_wconf 90' lang='lat' dir='ltr'>nt</span> <span class='ocrx_word' id='word_1_283' title='bbox 1161 3393 1221 3428; x_wconf 90' lang='lat' dir='ltr'>cum</span> 
     </span>
     <span class='ocr_line' id='line_1_34' title="bbox 147 3448 1223 3521; baseline 0.004 -23"><span class='ocrx_word' id='word_1_284' title='bbox 147 3457 229 3516; x_wconf 87' lang='lat' dir='ltr'>poeta</span> <span class='ocrx_word' id='word_1_285' title='bbox 247 3451 350 3518; x_wconf 88' lang='lat' dir='ltr'>loquar,</span> <span class='ocrx_word' id='word_1_286' title='bbox 369 3448 450 3502; x_wconf 84' lang='lat' dir='ltr'>caede</span> <span class='ocrx_word' id='word_1_287' title='bbox 467 3451 496 3501; x_wconf 89' lang='lat' dir='ltr'>in</span> <span class='ocrx_word' id='word_1_288' title='bbox 522 3456 664 3506; x_wconf 87' lang='lat' dir='ltr'>crastinum</span> <span class='ocrx_word' id='word_1_289' title='bbox 686 3453 756 3504; x_wconf 90' lang='lat' dir='ltr'>diem</span> <span class='ocrx_word' id='word_1_290' title='bbox 778 3453 890 3521; x_wconf 86' lang='lat' dir='ltr'>prolata.</span> <span class='ocrx_word' id='word_1_291' title='bbox 926 3467 977 3503; x_wconf 91' lang='lat' dir='ltr'>nec</span> <span class='ocrx_word' id='word_1_292' title='bbox 995 3466 1058 3501; x_wconf 81' lang='lat' dir='ltr'>vero</span> <span class='ocrx_word' id='word_1_293' title='bbox 1076 3449 1223 3518; x_wconf 86' lang='lat' dir='ltr'>imperato·</span> 
     </span>
     <span class='ocr_line' id='line_1_35' title="bbox 150 3518 1210 3594; baseline 0.002 -26"><span class='ocrx_word' id='word_1_294' title='bbox 150 3535 206 3568; x_wconf 88' lang='lat' dir='ltr'>rem</span> <span class='ocrx_word' id='word_1_295' title='bbox 224 3521 363 3589; x_wconf 64' lang='lat' dir='ltr'>quiquam</span> <span class='ocrx_word' id='word_1_296' title='bbox 385 3535 485 3584; x_wconf 87' lang='lat' dir='ltr'>eorum,</span> <span class='ocrx_word' id='word_1_297' title='bbox 498 3539 567 3592; x_wconf 86' lang='lat' dir='ltr'>quae</span> <span class='ocrx_word' id='word_1_298' title='bbox 586 3524 751 3594; x_wconf 84' lang='lat' dir='ltr'>Nicephorus</span> <span class='ocrx_word' id='word_1_299' title='bbox 775 3532 866 3592; x_wconf 86' lang='lat' dir='ltr'>aperte</span> <span class='ocrx_word' id='word_1_300' title='bbox 882 3522 1050 3587; x_wconf 76' lang='lat' dir='ltr'>machinatus</span> <span class='ocrx_word' id='word_1_301' title='bbox 1068 3527 1134 3582; x_wconf 88' lang='lat' dir='ltr'>erat,</span> <span class='ocrx_word' id='word_1_302' title='bbox 1151 3518 1210 3591; x_wconf 72' lang='lat' dir='ltr'>late</span> 
     </span>
     <span class='ocr_line' id='line_1_36' title="bbox 149 3587 1222 3664; baseline 0.002 -26"><span class='ocrx_word' id='word_1_303' title='bbox 149 3587 210 3653; x_wconf 78' lang='lat' dir='ltr'>bat3</span> <span class='ocrx_word' id='word_1_304' title='bbox 228 3591 315 3642; x_wconf 87' lang='lat' dir='ltr'>statim</span> <span class='ocrx_word' id='word_1_305' title='bbox 333 3590 404 3643; x_wconf 88' lang='lat' dir='ltr'>enim</span> <span class='ocrx_word' id='word_1_306' title='bbox 426 3594 524 3644; x_wconf 84' lang='lat' dir='ltr'>ancilla</span> <span class='ocrx_word' id='word_1_307' title='bbox 542 3596 740 3664; x_wconf 82' lang='lat' dir='ltr'>expergefacto,</span> <span class='ocrx_word' id='word_1_308' title='bbox 759 3593 826 3664; x_wconf 85' lang='lat' dir='ltr'>quid</span> <span class='ocrx_word' id='word_1_309' title='bbox 848 3592 997 3655; x_wconf 85' lang='lat' dir='ltr'>accidisset,</span> <span class='ocrx_word' id='word_1_310' title='bbox 1014 3591 1139 3642; x_wconf 80' lang='lat' dir='ltr'>narrarit.</span> <span class='ocrx_word' id='word_1_311' title='bbox 1174 3590 1222 3641; x_wconf 91' lang='lat' dir='ltr'>iti·</span> 
     </span>
     <span class='ocr_line' id='line_1_37' title="bbox 148 3662 1223 3732; baseline 0.001 -22"><span class='ocrx_word' id='word_1_312' title='bbox 148 3673 216 3710; x_wconf 85' lang='lat' dir='ltr'>nere</span> <span class='ocrx_word' id='word_1_313' title='bbox 231 3667 320 3712; x_wconf 86' lang='lat' dir='ltr'>tamen</span> <span class='ocrx_word' id='word_1_314' title='bbox 338 3662 469 3731; x_wconf 76' lang='lat' dir='ltr'>postridie</span> <span class='ocrx_word' id='word_1_315' title='bbox 488 3667 654 3728; x_wconf 84' lang='lat' dir='ltr'>continuato,</span> <span class='ocrx_word' id='word_1_316' title='bbox 673 3665 850 3717; x_wconf 82' lang='lat' dir='ltr'>dissimulavit</span> <span class='ocrx_word' id='word_1_317' title='bbox 870 3681 898 3716; x_wconf 90' lang='lat' dir='ltr'>se</span> <span class='ocrx_word' id='word_1_318' title='bbox 917 3663 946 3714; x_wconf 92' lang='lat' dir='ltr'>id</span> <span class='ocrx_word' id='word_1_319' title='bbox 964 3679 1052 3726; x_wconf 82' lang='lat' dir='ltr'>nosse,</span> <span class='ocrx_word' id='word_1_320' title='bbox 1071 3677 1223 3732; x_wconf 82' lang='lat' dir='ltr'>quanquam</span> 
     </span>
     <span class='ocr_line' id='line_1_38' title="bbox 149 3730 1224 3807; baseline 0.002 -27"><span class='ocrx_word' id='word_1_321' title='bbox 149 3730 189 3780; x_wconf 83' lang='lat' dir='ltr'>ita</span> <span class='ocrx_word' id='word_1_322' title='bbox 210 3747 238 3782; x_wconf 90' lang='lat' dir='ltr'>se</span> <span class='ocrx_word' id='word_1_323' title='bbox 257 3734 355 3800; x_wconf 79' lang='lat' dir='ltr'>gessit,</span> <span class='ocrx_word' id='word_1_324' title='bbox 384 3741 416 3784; x_wconf 87' lang='lat' dir='ltr'>nt</span> <span class='ocrx_word' id='word_1_325' title='bbox 433 3743 462 3786; x_wconf 90' lang='lat' dir='ltr'>et</span> <span class='ocrx_word' id='word_1_326' title='bbox 481 3751 495 3785; x_wconf 83' lang='lat' dir='ltr'>a</span> <span class='ocrx_word' id='word_1_327' title='bbox 519 3735 671 3807; x_wconf 85' lang='lat' dir='ltr'>Nicephoro</span> <span class='ocrx_word' id='word_1_328' title='bbox 701 3735 752 3786; x_wconf 83' lang='lat' dir='ltr'>sibi</span> <span class='ocrx_word' id='word_1_329' title='bbox 771 3743 885 3798; x_wconf 83' lang='lat' dir='ltr'>caveret,</span> <span class='ocrx_word' id='word_1_330' title='bbox 900 3750 952 3785; x_wconf 88' lang='lat' dir='ltr'>nec</span> <span class='ocrx_word' id='word_1_331' title='bbox 967 3734 1050 3784; x_wconf 89' lang='lat' dir='ltr'>ullam</span> <span class='ocrx_word' id='word_1_332' title='bbox 1070 3731 1224 3784; x_wconf 80' lang='lat' dir='ltr'>offensionis</span> 
     </span>
     <span class='ocr_line' id='line_1_39' title="bbox 150 3803 1224 3876; baseline 0.002 -25"><span class='ocrx_word' id='word_1_333' title='bbox 150 3817 256 3852; x_wconf 86' lang='lat' dir='ltr'>causam</span> <span class='ocrx_word' id='word_1_334' title='bbox 274 3803 442 3872; x_wconf 84' lang='lat' dir='ltr'>probabilem</span> <span class='ocrx_word' id='word_1_335' title='bbox 462 3807 486 3856; x_wconf 96' lang='lat' dir='ltr'>ei</span> <span class='ocrx_word' id='word_1_336' title='bbox 504 3805 588 3858; x_wconf 88' lang='lat' dir='ltr'>daret.</span> <span class='ocrx_word' id='word_1_337' title='bbox 629 3809 719 3876; x_wconf 87' lang='lat' dir='ltr'>itaque</span> <span class='ocrx_word' id='word_1_338' title='bbox 746 3821 806 3855; x_wconf 88' lang='lat' dir='ltr'>cum</span> <span class='ocrx_word' id='word_1_339' title='bbox 823 3806 853 3856; x_wconf 90' lang='lat' dir='ltr'>in</span> <span class='ocrx_word' id='word_1_340' title='bbox 877 3805 944 3855; x_wconf 88' lang='lat' dir='ltr'>fines</span> <span class='ocrx_word' id='word_1_341' title='bbox 961 3803 1097 3856; x_wconf 87' lang='lat' dir='ltr'>Serrarum</span> <span class='ocrx_word' id='word_1_342' title='bbox 1114 3810 1224 3856; x_wconf 88' lang='lat' dir='ltr'>rentum</span> 
     </span>
     <span class='ocr_line' id='line_1_40' title="bbox 151 3873 1223 3944; baseline 0 -22"><span class='ocrx_word' id='word_1_343' title='bbox 151 3880 222 3923; x_wconf 78' lang='lat' dir='ltr'>esset</span> <span class='ocrx_word' id='word_1_344' title='bbox 246 3882 415 3944; x_wconf 77' lang='lat' dir='ltr'>regnaretque</span> <span class='ocrx_word' id='word_1_345' title='bbox 438 3876 623 3944; x_wconf 86' lang='lat' dir='ltr'>imperatorem</span> <span class='ocrx_word' id='word_1_346' title='bbox 643 3877 835 3928; x_wconf 80' lang='lat' dir='ltr'>Constantinus</span> <span class='ocrx_word' id='word_1_347' title='bbox 859 3874 947 3926; x_wconf 86' lang='lat' dir='ltr'>Ducas</span> <span class='ocrx_word' id='word_1_348' title='bbox 973 3873 1223 3944; x_wconf 79' lang='lat' dir='ltr'>Porpbymgenitus,</span> 
     </span>
     <span class='ocr_line' id='line_1_41' title="bbox 150 3943 1225 4015; baseline 0.002 -24"><span class='ocrx_word' id='word_1_349' title='bbox 150 3943 199 4012; x_wconf 88' lang='lat' dir='ltr'>qui</span> <span class='ocrx_word' id='word_1_350' title='bbox 218 3944 323 3994; x_wconf 89' lang='lat' dir='ltr'>itineris</span> <span class='ocrx_word' id='word_1_351' title='bbox 340 3961 427 3997; x_wconf 86' lang='lat' dir='ltr'>comes</span> <span class='ocrx_word' id='word_1_352' title='bbox 457 3955 528 4010; x_wconf 86' lang='lat' dir='ltr'>erat,</span> <span class='ocrx_word' id='word_1_353' title='bbox 555 3956 587 3999; x_wconf 88' lang='lat' dir='ltr'>ut</span> <span class='ocrx_word' id='word_1_354' title='bbox 610 3947 644 3999; x_wconf 90' lang='lat' dir='ltr'>ad</span> <span class='ocrx_word' id='word_1_355' title='bbox 661 3947 753 3999; x_wconf 86' lang='lat' dir='ltr'>villam</span> <span class='ocrx_word' id='word_1_356' title='bbox 777 3962 852 3998; x_wconf 87' lang='lat' dir='ltr'>suam</span> <span class='ocrx_word' id='word_1_357' title='bbox 875 3944 1019 3998; x_wconf 74' lang='lat' dir='ltr'>diverteret</span> <span class='ocrx_word' id='word_1_358' title='bbox 1036 3959 1225 4015; x_wconf 77' lang='lat' dir='ltr'>peramoenum</span> 
     </span>
     <span class='ocr_line' id='line_1_42' title="bbox 150 4013 1224 4089; baseline 0.001 -27"><span class='ocrx_word' id='word_1_359' title='bbox 150 4013 281 4084; x_wconf 81' lang='lat' dir='ltr'>aquisque</span> <span class='ocrx_word' id='word_1_360' title='bbox 313 4013 494 4068; x_wconf 84' lang='lat' dir='ltr'>abundantem</span> <span class='ocrx_word' id='word_1_361' title='bbox 524 4018 675 4070; x_wconf 86' lang='lat' dir='ltr'>salubribus</span> <span class='ocrx_word' id='word_1_362' title='bbox 706 4026 789 4089; x_wconf 85' lang='lat' dir='ltr'>atque</span> <span class='ocrx_word' id='word_1_363' title='bbox 814 4018 852 4067; x_wconf 90' lang='lat' dir='ltr'>ita</span> <span class='ocrx_word' id='word_1_364' title='bbox 870 4017 992 4086; x_wconf 85' lang='lat' dir='ltr'>amplam,</span> <span class='ocrx_word' id='word_1_365' title='bbox 1009 4023 1040 4068; x_wconf 86' lang='lat' dir='ltr'>ut</span> <span class='ocrx_word' id='word_1_366' title='bbox 1056 4013 1224 4066; x_wconf 85' lang='lat' dir='ltr'>commodum</span> 
     </span>
     <span class='ocr_line' id='line_1_43' title="bbox 149 4084 1225 4160; baseline 0 -27"><span class='ocrx_word' id='word_1_367' title='bbox 149 4084 305 4152; x_wconf 85' lang='lat' dir='ltr'>imperatori</span> <span class='ocrx_word' id='word_1_368' title='bbox 322 4085 468 4156; x_wconf 73' lang='lat' dir='ltr'>hospitium</span> <span class='ocrx_word' id='word_1_369' title='bbox 498 4097 575 4153; x_wconf 82' lang='lat' dir='ltr'>esset,</span> <span class='ocrx_word' id='word_1_370' title='bbox 596 4089 772 4160; x_wconf 84' lang='lat' dir='ltr'>(Pentegostis</span> <span class='ocrx_word' id='word_1_371' title='bbox 786 4086 849 4138; x_wconf 88' lang='lat' dir='ltr'>huic</span> <span class='ocrx_word' id='word_1_372' title='bbox 866 4102 966 4139; x_wconf 85' lang='lat' dir='ltr'>nomen</span> <span class='ocrx_word' id='word_1_373' title='bbox 984 4086 1063 4158; x_wconf 90' lang='lat' dir='ltr'>erat‚)</span> <span class='ocrx_word' id='word_1_374' title='bbox 1080 4087 1225 4156; x_wconf 79' lang='lat' dir='ltr'>imperator</span> 
     </span>
     <span class='ocr_line' id='line_1_44' title="bbox 150 4153 1224 4232; baseline 0 -26"><span class='ocrx_word' id='word_1_375' title='bbox 150 4155 254 4221; x_wconf 85' lang='lat' dir='ltr'>roganti</span> <span class='ocrx_word' id='word_1_376' title='bbox 273 4153 424 4226; x_wconf 75' lang='lat' dir='ltr'>obsecutus,</span> <span class='ocrx_word' id='word_1_377' title='bbox 440 4157 479 4212; x_wconf 85' lang='lat' dir='ltr'>ibi</span> <span class='ocrx_word' id='word_1_378' title='bbox 500 4157 615 4214; x_wconf 79' lang='lat' dir='ltr'>divertit.</span> <span class='ocrx_word' id='word_1_379' title='bbox 634 4159 682 4213; x_wconf 85' lang='lat' dir='ltr'>sed</span> <span class='ocrx_word' id='word_1_380' title='bbox 701 4175 735 4212; x_wconf 88' lang='lat' dir='ltr'>ne</span> <span class='ocrx_word' id='word_1_381' title='bbox 748 4156 878 4230; x_wconf 87' lang='lat' dir='ltr'>postridie</span> <span class='ocrx_word' id='word_1_382' title='bbox 896 4158 1015 4232; x_wconf 79' lang='lat' dir='ltr'>quidem,</span> <span class='ocrx_word' id='word_1_383' title='bbox 1035 4173 1095 4210; x_wconf 89' lang='lat' dir='ltr'>cum</span> <span class='ocrx_word' id='word_1_384' title='bbox 1107 4157 1136 4209; x_wconf 88' lang='lat' dir='ltr'>iu</span> <span class='ocrx_word' id='word_1_385' title='bbox 1154 4155 1224 4208; x_wconf 83' lang='lat' dir='ltr'>riam</span> 
     </span>
    </p>
   </div>
   <div class='ocr_carea' id='block_1_6' title="bbox 0 0 1504 4800">
    <p class='ocr_par' dir='ltr' id='par_1_6' title="bbox 0 0 1504 4800">
     <span class='ocr_line' id='line_1_45' title="bbox 0 0 1504 4800; baseline 0 0"><span class='ocrx_word' id='word_1_386' title='bbox 0 0 1504 4800; x_wconf 95' lang='lat' dir='ltr'> </span> 
     </span>
    </p>
   </div>
  </div>
 </body>
</html>
