2984 4800
474 296 689 409 rtuirrnrs
708 343 787 406 ιτα.
801 343 856 407 ατ.
879 343 927 409 ιι.
1166 343 1249 431 ¹79

152 489 210 555 καί
231 489 340 556 άσπίστ
358 490 415 555 καί
438 487 568 576 δόρυσι,
592 489 663 571 ννξί
686 493 762 576 περί
779 487 839 567 τάς
857 486 958 566 α’κτάς
976 493 1032 555 καί
1047 487 1122 567 ruric
1141 493 1246 575 αίγια·

150 587 230 665 λοάς
252 591 445 672 ἐρχομένους
457 591 565 674 λάθρα
580 589 774 669 ἐξάλλεσθαί
784 613 821 654 τε
839 589 896 654 καί
914 599 980 666 τοῖς
1006 590 1115 666 οἷθὲοις
1145 591 1250 656 είσπί·
1352 657 1361 662 ,

149 709 240 752 πτειν
260 689 444 769 ἐκέλευσεν,
475 686 540 771 εἴγε
572 699 752 754 κατανουῖεν
773 688 820 773 μὴ
849 691 1048 765 πολλαπλοῦς
1067 691 1123 773 τῆς
1144 689 1250 755 adesir

151 787 327 871 ποσότητος
347 789 486 863 ἐκείνους
510 781 600 872 εἶναι,
622 792 677 853 καί
697 785 1007 864 εδθάςπαλινοστεῖν
1020 789 1152 864 ἕκαστος
1172 784 1250 856 ὅθεν

121 881 247 973 δέξῄει.
292 886 562 969 ἀπειροπολέμους
586 889 623 953 δὲ
640 887 740 974 πάντῃ
772 889 933 970 γινώσκων
952 885 1092 970 adrosis,
1116 888 1251 971 έπέσκη·

148 1007 227 1048 πτεν
251 984 401 1069 άψοφητί
419 981 477 1067 τήν
497 985 636 1070 εἰρεσίαν
658 993 726 1060 τοῖς
755 989 880 1069 ἐρέταις
901 989 1129 1069 παραγγέλλειν
1148 993 1251 1050 ποιεῖ·

147 1087 238 1163 σθαι,
261 1085 516 1168 φυλαττομένους
531 1080 600 1164 άμα
622 1085 677 1148 καί
697 1079 761 1148 nimi
788 1087 852 1148 των
879 1087 913 1149 έν
932 1092 1002 1159 ταῖς
1018 1083 1164 1170 ρ’ωγμαῖς
1184 1085 1249 1148 τῶν

147 1183 273 1265 πετρῶν
292 1179 458 1262 λοχώντων
477 1183 663 1267 βαρβάρων.
695 1185 815 1248 τούτων
834 1185 912 1267 γοῦν
931 1183 990 1248 ἐπί
1007 1205 1090 1247 τισιν
1113 1179 1251 1267 ἡμέραις

148 1273 232 1342 οὕτω
252 1285 456 1361 τελουμένων,
478 1283 543 1345 κατ’
566 1279 680 1364 ε’λίγων
694 1283 758 1350 τοῖν
769 1285 847 1366 περί
857 1282 914 1365 τήν
935 1281 1098 1346 θάλατταν
1117 1282 1248 1364 χωρίων
1257 1299 1330 1375 290

100 1377 297 1464 ιοάνωτέρω
313 1377 457 1462 έχυέρουν
476 1376 507 1444 ot
520 1379 689 1463 βάρβαροι.
731 1375 809 1464 ὅπερ
832 1376 850 1443 δ
872 1379 1077 1464 αὐτοκράτωρ
1098 1385 1248 1464 μεμαθη·

148 1475 233 1560 κάς,
260 1485 327 1554 τοῖς
350 1480 554 1542 δποοταλεῖσι
580 1477 809 1561 παρεκελεύετο
831 1483 1044 1560 καταλαβεῖν,
1066 1471 1146 1561 άπερ
1168 1480 1249 1542 ἐκεῖ·

142 1597 195 1644 νοι
226 1577 335 1662 πρώην
364 1585 513 1660 κατεῖχον
546 1578 695 1662 πολίχνια
722 1579 781 1642 καί
799 1581 1057 1663 οίκοδομηματα,
1089 1578 1146 1642 καί
1171 1575 1249 1644 εἴσω

146 1672 269 1741 τοάτων
290 1679 564 1759 διανυκτερεύειν·
605 1677 680 1762 περί
699 1679 735 1743 δέ
750 1677 806 1755 τὰς
823 1675 958 1762 ἡλιακὰς
977 1676 1090 1761 ου’γάς,
1113 1676 1248 1761 δπηνίκω

141 1779 363 1858 χορταγωγίας
382 1771 480 1858 χάριν
503 1768 619 1861 ἤτινος
632 1777 688 1842 καί
705 1773 814 1862 ἑτέρας
832 1780 948 1862 χρείας
965 1785 1031 1853 τοῖς
1050 1773 1250 1852 άπεναντίοις
1360 1837 1366 1844 .

99 1875 313 1956 ιὸξυμβαίνετ
339 1878 470 1957 ἔξιέναι,
492 1876 612 1962 ἀθρόον
625 1879 742 1952 ἀὐτοῖς
762 1879 986 1955 ἐπιτίθεσθαι,
1008 1878 1064 1940 καί
1082 1873 1157 1940 εἴτι
1177 1869 1247 1939 κατ’

141 1969 252 2039 αὐτῶν
272 1974 459 2058 δυνηθεῖεν,
484 1974 653 2056 α’ρκείσθαι
678 1975 798 2064 ταύτην,
823 1970 884 2039 κάν
904 1972 1019 2059 μικράν
1045 1968 1087 2061 ᾖ,
1116 1974 1172 2039 καί
1198 1965 1274 2056 trin

140 2080 249 2139 πλεῖον
264 2076 433 2158 ζητοῦντας
453 2073 738 2159 παρακινδυνεύειν
749 2075 805 2137 καί
822 2074 944 2156 θάρσος
958 2080 1024 2148 τοῖς
1045 2075 1176 2157 ἐχθροῖς
1197 2075 1247 2138 έν·

141 2175 257 2236 κεῦθεν
272 2169 408 2253 διδόναι,
423 2173 490 2236 ἀλλ’
511 2170 611 2247 εάθύς
625 2167 839 2256 δποστρέφειν
851 2175 907 2236 καί
920 2171 997 2236 εἴσω
1009 2173 1072 2236 τῶν
1083 2172 1248 2257 φρουρίων

140 2275 303 2356 γίνεσθαι.
333 2274 374 2335 οδ
393 2271 473 2336 πελά
496 2272 532 2336 τὸ
545 2273 578 2336 έν
597 2273 694 2358 μέσῳ,
711 2270 767 2335 καί
782 2275 976 2355 πορρωτέρω
996 2263 1094 2345 αδθις
1115 2269 1145 2333 οἱ
1164 2264 1246 2356 βάρ-

96 2377 236 2456 οοβαροι
268 2371 426 2457 έγίνοντο,
458 2366 542 2437 sicce
570 2373 799 2455 α’ποθαρρῆσαι
833 2369 892 2435 τὸν
917 2365 1141 2455 αὐτοκράτορα
1179 2372 1246 2447 τοῖς

139 2474 223 2547 τέως
242 2475 348 2551 πεζοῖς
379 2475 436 2536 καί
472 2470 676 2537 inadsueta:
706 2470 854 2534 κελεῦσαι
876 2470 934 2533 καί
955 2465 1033 2553 δόρυ
1063 2476 1161 2534 κινεῖν
1188 2466 1246 2535 καί

138 2569 279 2647 πολλοὺς
301 2569 455 2648 διαύλους
474 2569 629 2646 ἱππασίας
642 2566 724 2635 κατά
746 2572 811 2635 των
827 2570 979 2635 ἐναντίων
997 2576 1115 2651 ποιεῖν,
1136 2568 1324 2639 strenuus

209 2790 237 2827 n.
256 2780 316 2835 τοῖς
332 2773 395 2825 add.
418 2772 466 2826 (λυ
540 2772 564 2825 3.
582 2776 733 2828 auraretur
749 2770 788 2834 Ρ,
805 2775 881 2822 recte
898 2766 932 2823 G.
1020 2784 1046 2839 γ.
1065 2762 1188 2841 δοχμαλς
1204 2767 1241 2833 G,

206 2845 299 2897 voluit
317 2842 452 2917 ῥωγμαῖς.
556 2862 582 2917 9.
600 2844 660 2912 lege
686 2845 746 2895 κατ’
767 2838 872 2912 ὀλίγον.
988 2850 1027 2891 ¹⁰·
1045 2836 1194 2913 δναεέρων
1210 2838 1241 2891 G·

215 2920 255 2971 τῦ.
271 2922 420 2989 συμβαίνει
436 2912 492 2968 CG.
578 2930 621 2966 το.
640 2913 755 2965 sortasse
774 2907 1029 2984 δποθαρράσαντω

137 3086 187 3141 stis
208 3086 309 3137 instrui
327 3084 440 3153 solitcs;
457 3100 558 3155 eosque
578 3090 661 3135 noctu
685 3080 720 3133 ad
740 3081 834 3134 littura
852 3078 997 3141 secedere,
1023 3072 1093 3128 ciens
1109 3074 1145 3127 ds
1162 3071 1241 3130 neri-

136 3158 189 3211 bus
210 3156 323 3208 exsilire
341 3156 526 3225 barbarusque
545 3152 674 3205 invaders
690 3153 785 3214 iussit,
803 3153 826 3203 si
844 3149 954 3221 quando
981 3147 1045 3199 iilos
1067 3162 1123 3198 nun
1151 3146 1239 3199 multu

136 3228 262 3291 maiore,
281 3242 363 3296 quam
382 3227 448 3297 ipsi,
466 3240 577 3277 numero
597 3237 655 3275 esse
677 3230 838 3286 cernerent,
858 3229 888 3273 et
913 3214 1004 3273 stetim
1022 3216 1146 3286 regredi,
1164 3216 1239 3269 uude

136 3300 259 3371 quisque
285 3298 392 3349 exisset.
411 3314 503 3349 verum
529 3312 588 3347 cum
608 3308 655 3346 eos
675 3294 713 3344 rei
737 3290 856 3343 beliicne
872 3290 955 3360 plene
976 3289 1117 3357 imperitos
1145 3288 1239 3338 novis-

136 3379 197 3434 set,
228 3369 384 3439 praecepit,
411 3376 443 3419 ut
469 3375 564 3418 nautas
584 3381 665 3435 quam
683 3364 796 3414 minimo
814 3364 930 3432 strepitu
949 3361 1079 3427 remigare
1095 3355 1238 3423 iuberent,

138 3440 279 3523 simulque
298 3438 333 3489 ab
352 3438 456 3490 insidiis
477 3437 653 3489 barbarorum
672 3434 699 3485 in
720 3434 832 3503 rupibus
859 3431 1058 3485 subsidentium
1085 3428 1139 3480 sibi
1158 3443 1238 3480 οτοει

138 3519 208 3563 rent
229 3508 260 3560 rd
288 3509 336 3561 ubi
361 3525 409 3580 per
433 3508 491 3561 dies
510 3509 615 3577 aliquot
635 3508 670 3557 its
692 3504 793 3556 sactum
811 3512 895 3566 esset,
914 3500 1046 3572 paulatim
1070 3498 1179 3550 herbert
1203 3510 1240 3550 ex

138 3578 283 3635 maritimis
307 3580 375 3632 locis
401 3580 431 3631 in
455 3578 583 3631 interiore
603 3576 775 3628 recedebunt
826 3592 861 3625 no
878 3576 1026 3643 imperetur
1043 3570 1169 3639 cognito,
1187 3569 1239 3635 tis,

139 3668 209 3723 quus
225 3652 353 3715 miserat,
383 3650 539 3721 praecepit,
564 3648 695 3719 oppidula
716 3654 746 3698 et
770 3659 802 3697 ue
823 3642 908 3708 dcta,
936 3656 1006 3712 quae
1035 3640 1078 3691 iili
1104 3647 1168 3691 ante
1187 3639 1240 3690 ob.

138 3724 307 3786 tinuissent‚
335 3730 500 3793 occuparent
524 3722 553 3771 in
578 3721 667 3788 iisqne
691 3722 898 3787 pernoctarent3
918 3714 1006 3783 primo
1030 3718 1121 3763 sutem
1139 3726 1238 3773 mnne,

139 3810 195 3864 qno
214 3802 337 3863 tempore
356 3801 519 3843 commentus
538 3790 581 3841 vel
597 3790 665 3841 alius
685 3790 724 3840 rei
751 3804 830 3838 causa
851 3784 961 3857 prodire
988 3783 1081 3835 hostes
1108 3783 1238 3844 solerent,

140 3864 233 3917 cuncti
266 3861 494 3931 aggrederentur,
514 3862 581 3914 etsi
601 3858 667 3931 quid
688 3858 882 3929 proiecissent,
901 3871 945 3921 eo,
962 3854 1028 3905 licet
1047 3852 1154 3922 exiguo,
1171 3865 1238 3901 con·

140 3936 212 3988 tenti
231 3942 340 3995 essent,
361 3950 428 3998 nec,
446 3934 509 3985 dum
529 3932 631 3983 maiora
650 3929 888 3998 concupiscerent,
909 3928 939 3979 in
961 3924 1113 3995 periculum
1130 3920 1251 3973 incido·-

141 4014 205 4058 rent
226 4012 257 4057 et
272 4003 398 4056 hostibus
418 4006 520 4056 animos
534 4002 696 4067 redderent3
713 3998 762 4052 sed
778 3999 854 4050 illico
873 3997 1001 4049 cederent
1017 4001 1100 4065 atque
1116 3991 1145 4045 in
1163 4004 1238 4043 arces

142 4092 201 4131 sese
234 4076 395 4145 reciperent.
419 4092 475 4127 non
501 4076 539 4126 ita
567 4074 653 4125 multo
673 4079 735 4141 post
760 4071 844 4121 etism
861 4069 977 4121 ulterius
993 4066 1100 4117 barbari
1118 4076 1238 4115 recesse-

143 4156 222 4213 ναοῖς
250 4162 306 4217 qus
333 4162 362 4198 re
379 4146 551 4199 confirmatus
580 4146 724 4213 imperator
742 4142 848 4203 animo,
870 4156 935 4193 suos
954 4137 1008 4189 huc
1025 4150 1112 4205 usque
1129 4133 1236 4203 pedites

145 4219 228 4272 etiam
248 4216 376 4289 equitare
392 4216 472 4269 iussit
499 4224 527 4269 et
551 4216 655 4268 bustum
678 4213 803 4278 vibrare,
822 4212 988 4284 saepiusque
1004 4205 1128 4279 repetitis
1144 4206 1238 4257 incur-
