2984 4800
227 255 297 369 suu¹
558 295 756 364 nnnorrcr
787 295 988 364 scuorsm
1102 245 1107 252 ’

230 459 332 531 omni
359 456 529 528 vitiorum
555 480 689 554 genere
714 454 1027 554 depravatissimo,
1047 456 1095 531 de
1120 458 1234 531 totins
1256 441 1322 530 co-

229 583 319 656 dicis
336 580 466 652 virtute
488 577 664 681 iudicium
690 580 854 677 iniquius
877 581 980 675 ierat,
1004 579 1230 655 monendum
1257 595 1325 675 est,

230 701 414 804 quidquid
439 702 614 801 deinceps
641 701 901 804 dpographum
938 703 1026 777 inde
1052 705 1184 799 habet,
1208 707 1325 776 multo

230 830 350 902 sanius
376 851 471 921 csse,
498 851 567 900 nec
588 829 743 900 similem
771 853 927 926 usquam
953 830 1240 926 corruptelarum
1266 830 1325 900 ni-

231 949 358 1046 duium
384 951 550 1025 inveniri.
603 951 767 1025 Omnino
793 955 998 1052 exemplum
1012 951 1102 1024 ittud
1127 977 1211 1026 curn
1222 949 1327 1024 Cois-

233 1078 386 1170 iiniano,
412 1075 590 1171 quantum
618 1099 660 1146 ex
673 1074 895 1173 Apographo
920 1078 1104 1150 coniicere
1127 1079 1225 1173 licet,
1248 1103 1329 1150 ma-

233 1201 368 1272 rimam
395 1195 670 1270 similitudinem
706 1198 856 1292 habuit,
887 1211 929 1270 ut
952 1199 1103 1270 aiterum
1139 1223 1181 1270 ex
1214 1200 1328 1272 altero

232 1324 489 1418 transcriptum
532 1333 720 1419 putarem,
761 1323 832 1394 nisi
864 1322 1137 1394 Hcistcniannm
1173 1322 1212 1394 in
1244 1321 1332 1419 ipsis

236 1449 324 1542 illis,
346 1445 714 1546 quaeCoisiinianum
740 1449 882 1546 egregia
900 1447 1014 1541 affert,
1039 1447 1077 1518 in
1101 1440 1329 1542 reliquorum

235 1570 535 1667 depravationem
569 1568 661 1640 mira
697 1568 901 1641 constantia
943 1565 1157 1642 discederet.
1222 1565 1332 1637 Liber

234 1693 383 1764 ultimus
407 1692 447 1763 in
473 1690 694 1788 Apographo
730 1690 781 1762 ita
816 1689 965 1762 desinit:
998 1688 1048 1782 pp
1083 1687 1145 1758 καὶ
1168 1687 1332 1785 ἀναγρά-

236 1827 368 1916 φοντες
393 1814 444 1886 τὰ
469 1814 612 1909 λυπηρὰ
638 1809 977 1912 ἐμπικραινοίμεθα.
1037 1812 1180 1905 Quibus
1214 1813 1334 1884 verbis

238 1938 442 2010 Gronovius
467 1949 594 2035 postea
620 1939 726 2022 (nam
758 1959 889 2008 manus
912 1935 960 2006 ab
996 1959 1061 2030 ea,
1086 1958 1160 2033 qua
1183 1959 1334 2034 praece-

237 2060 362 2133 dentia
382 2060 537 2157 scripsit,
563 2058 765 2132 admodum
788 2057 1004 2158 discrepat)
1028 2061 1334 2159 subscriptionem

240 2183 384 2260 addidit
419 2183 477 2256 his
502 2183 639 2256 verbisz

536 2297 695 2398 Ερῤίκου
728 2303 798 2368 τοῦ
823 2295 1039 2392 Δορμαλίου

388 2420 503 2507 Aigra
525 2418 618 2493 ὅπου
639 2421 784 2519 βιότοιο
810 2418 957 2505 Αλέξιος
982 2423 1004 2489 ὁ
1028 2421 1214 2513 Κομνηνὸς

438 2549 544 2619 Esca
569 2546 663 2627 καλὴ
685 2546 851 2641 θυγάτηρ
876 2541 978 2629 λῆξεν
1003 2542 1210 2630 Αλεξιάδης.

241 2672 397 2749 Eosdem
420 2694 542 2744 versus
568 2668 681 2740 editio
707 2668 869 2740 Parisina
890 2666 1048 2739 exhibet.
1100 2666 1336 2765 Quamquam

242 2799 293 2873 ibi
321 2795 454 2869 rectius
479 2795 518 2866 in
555 2806 715 2865 extremo
747 2784 944 2873 Αλεξιάδος
968 2791 1114 2889 legitur,
1146 2814 1217 2862 nec
1239 2792 1338 2864 Hen-

148 2922 151 2933 '
242 2923 308 2993 rici
334 2919 511 2993 Dormalii
533 2916 672 2989 mentio
697 2914 756 3007 fir,
779 2938 890 3010 quem
916 2913 1084 2987 codicem
1106 2915 1337 3015 descripsisse
1364 2926 1369 2937 '

240 3044 418 3141 suspicor.
470 3043 544 3114 lam
569 3038 714 3115 veroin
738 3037 836 3109 calce
851 3036 1062 3135 dpographi
1087 3052 1246 3138 quatuor
1269 3042 1339 3111 ha-

243 3166 377 3237 bentur
418 3161 660 3260 appendices,
699 3182 721 3229 a
750 3156 937 3231 Gronovio
970 3159 1098 3233 itidem
1135 3166 1338 3237 recentiore

245 3312 357 3362 manu
396 3300 569 3359 exaratae.
630 3282 796 3373 Quarum
830 3282 983 3379 quidem
1016 3287 1136 3383 prima
1174 3289 1340 3361 continet

245 3415 498 3510 Fragmentum
531 3410 614 3481 libri
641 3406 728 3478 Xlll.
770 3404 908 3503 past.
930 3408 971 3481 A.
999 3448 1046 3461 ——
1070 3412 1233 3507 385.Α.,
1260 3436 1338 3485 unc

245 3532 334 3605 iciio
377 3544 563 3626 constans,
601 3528 704 3627 quod
747 3554 791 3600 ex
815 3528 980 3601 Mcdiceo
1022 3530 1150 3605 codice
1187 3532 1336 3607 desum-

246 3672 325 3729 tum
351 3653 511 3751 ridetur,
548 3655 663 3753 idque
692 3679 774 3727 eam
807 3654 857 3725 ob
889 3678 1056 3749 causam,
1089 3657 1179 3753 quia
1197 3658 1339 3729 Holste·

235 3782 378 3853 'nianus
407 3779 460 3851 ibi
493 3779 685 3849 lacunosus
720 3790 816 3872 erat,
837 3790 880 3849 nt
912 3800 956 3848 ex
984 3777 1207 3876 Apographo
1228 3790 1338 3875 patet

246 3904 326 3976 Hoc
350 3916 471 3977 autern
505 3902 756 3998 Fragmentum
784 3900 917 3996 excipit
941 3900 1109 3997 Epitome
1142 3900 1338 3993 tibrim,

249 4052 343 4123 quac
380 4026 552 4123 inscripta
591 4039 659 4097 est:
694 4011 910 4097 Adnitar]
941 4020 1221 4096 ΔΩΔΕΚΑΤΗ.
1281 4024 1343 4097 Sic

249 4151 394 4249 incipit:
420 4151 477 4223 Τὰ
497 4153 565 4244 μὲν
592 4142 657 4223 οὖν
677 4146 739 4232 τῆς
767 4146 908 4246 πρώτης
941 4140 1230 4249 διαπεραιώσεως
1256 4140 1342 4244 ἔργα
