2984 4800
456 287 670 354 mensams
697 287 775 352 οιο.
802 289 844 352 ιι.
863 291 911 355 ιι.
1152 250 1231 342 ιι5

147 437 210 528 ήδη
228 438 317 525 παρά
340 439 404 504 τῶν
426 439 621 524 Κομνηνάν,
641 435 933 520 μετακαλεσάμονός
950 456 1023 502 τινα
1045 435 1108 500 τῶν
1125 455 1235 500 πιστο-

147 548 248 624 τέρων
266 537 473 622 θεραπόντων
491 540 591 603 oritoni
603 587 613 616 ,
645 537 870 620 παρεκελεύετο
900 538 954 600 διὰ
975 531 1236 600 eremitanis

150 637 353 724 Μιλισσηνόν
386 638 524 720 εἰσάγειν
558 639 604 712 εἰς
624 635 664 703 τά
685 641 848 718 sarrana,
879 625 969 724 ᾧτινι
997 635 1159 700 συνείπετο
1181 637 1266 698 senil)
1292 699 1295 712 ,

146 738 331 822 οποθάριός
355 760 403 812 τις
438 734 519 820 άνήρ
539 734 770 819 μαχιμώτατος.
817 736 879 820 πρό
908 737 944 800 oi
963 737 1024 800 τοῦ
1045 731 1171 820 φθάσιιι
1191 733 1237 808 εἰς

115 835 241 922 odoror
271 834 326 901 τόν
353 831 460 918 λόγον,
480 834 502 918 ή
521 836 583 914 μὲν
610 830 700 909 πόλις
719 827 825 915 ἑάλω,
847 834 864 898 ό
885 836 921 900 δὲ
942 829 1164 915 Παλαιολάγος
1182 833 1237 896 ἕνα

147 939 212 1001 τῶν
230 935 285 1000 άπ·
307 928 408 1000 αάτόν
421 929 674 1017 άναλοβόμενος,
692 935 773 1020 πεζῇ
794 930 934 1000 κάτεισιν
955 932 1000 1008 ῶς
1019 930 1099 1016 πρός
1116 929 1241 1004 θάλασ-

150 1057 214 1100 σαν
233 1033 458 1118 πορευόμενος.
498 1029 680 1116 περιτυχάν
698 1034 735 1098 δέ
754 1055 816 1096 τινι
835 1033 968 1121 α’κατόφ,
990 1028 1121 1096 εἴσεισιν
1139 1027 1241 1106 εόθάς

151 1137 208 1200 κατ’
226 1142 291 1208 τοῖς
317 1135 444 1216 ἐρέταις
461 1129 705 1215 παρεκελεύετο,
733 1127 813 1195 ὅπου
831 1129 849 1194 ό
872 1128 984 1204 στόλος
1003 1127 1080 1194 κατά
1101 1125 1137 1194 τό
1157 1127 1241 1192 εἰθι-

149 1236 267 1314 σμένον
292 1227 536 1317 προσάρμισεο,
565 1231 746 1296 α’πιυθόναι
764 1227 800 1296 τό
822 1229 950 1314 σκάφος.
970 1229 1099 1314 όνγόζιον
1119 1229 1155 1292 di
1174 1219 1239 1313 ήάη

98 1329 233 1416 ιοπρός
257 1329 318 1414 τήν
335 1331 489 1413 περαιάν,
522 1327 586 1417 όρή
600 1328 656 1393 τόν
676 1329 767 1415 παρά
788 1329 847 1394 sori
867 1323 1081 1395 Βοτανειάτου
1101 1319 1238 1392 άποσιο-

147 1433 248 1496 ’λέντα
268 1430 320 1516 ἐφ’
342 1419 370 1516 ᾧ
387 1425 441 1492 τόν
454 1425 661 1512 Μελισσηνόν
676 1429 925 1513 διαπεραιῶοαι,
937 1423 993 1492 τόν
1004 1424 1115 1492 στόλον
1128 1427 1238 1510 adaps-
1245 1445 1277 1498 v,
1289 1447 1325 1498 56

150 1531 300 1609 πιζοντο,
320 1525 451 1592 salsis
468 1523 649 1610 σποθάριον
668 1523 759 1600 ἐντός
780 1529 858 1607 μιάς
875 1527 937 1591 τῶν
950 1527 1127 1608 πολεμικῶν
1146 1524 1316 1608 νηῶνΡ.65

148 1625 307 1711 ννυρόσος
330 1618 390 1690 osis
411 1623 512 1691 ιιότόν
538 1619 718 1708 πόρρωθεν,
737 1624 837 1690 πάλαι
863 1625 987 1710 συνήθη
1008 1625 1117 1692 τοάοον
1138 1620 1238 1706 ἔχων,

150 1720 378 1812 παραπλεάοας
405 1726 461 1789 και·
489 1721 672 1807 προσειπάν
702 1726 787 1812 edroi
816 1722 855 1789 τά
885 1725 1026 1808 συνήθη,
1046 1719 1238 1788 όπυνθάνετο

100 1821 226 1894 οῶόθεν
242 1826 299 1890 καί
317 1818 379 1908 όπη
395 1820 583 1905 πορεόετας,
605 1822 751 1905 τισόμεθ’
767 1817 883 1889 ἑαυτοῦ
903 1822 1122 1905 α’ναλαβόοθαι
1140 1819 1240 1886 ου’τόν

147 1925 251 2010 ήξάιυ.
295 1922 313 1987 ά
341 1924 378 1989 di
394 1918 576 2008 οπαθάριυς
596 1920 714 2009 ξιφήρη
733 1925 845 1988 τοῦτον
867 1921 950 2007 όρῶν
969 1924 1025 1986 καὶ
1043 1923 1163 1986 donello
1183 1945 1238 1986 κο-

148 2028 303 2106 segma,
324 2018 488 2097 desierisne
507 2018 590 2108 ppos*
605 2019 686 2104 πρός
708 2017 806 2086 αότόν
827 2023 885 2086 “al
902 2019 946 2104 μή
969 2042 1007 2085 οο
1027 2013 1110 2084 οόιοο
1131 2024 1237 2084 καθω-

148 2123 322 2202 πλισμένον
341 2114 469 2205 ἓιόροον,
489 2123 672 2205 περιχαροῦς
686 2113 727 2184 όν
749 2120 934 2203 ἐόεξάμην.”
955 2115 973 2184 ά
995 2121 1032 2184 si
1052 2117 1140 2200 μάλα
1160 2141 1237 2200 προ-

149 2217 264 2303 θόμιος
295 2217 352 2284 καὶ
381 2217 437 2302 τήν
462 2219 584 2284 άσπίδα
612 2217 668 2283 καὶ
696 2219 753 2283 τόν
781 2217 931 2303 ἀκινάκην
962 2217 1017 2282 καί
1033 2213 1093 2300 τήν
1114 2216 1238 2299 κόρυθα

98 2319 337 2385 menaehem
354 2319 553 2398 κατετίθετο,
573 2320 603 2382 εἰ
624 2315 723 2400 μόνον
733 2317 863 2403 θελήσει
874 2320 986 2384 andros
1006 2319 1235 2401 ἀναλαβέσθαι.

149 2416 193 2493 ῶς
214 2420 252 2482 dl
272 2420 486 2498 καταθέμενον
506 2415 607 2482 αότόν
632 2416 673 2482 τά
704 2412 786 2483 όπλα
813 2419 830 2481 ό
862 2417 1041 2502 σπαθάριος
1061 2419 1236 2498 ἐθεάσατο,

147 2511 408 2601 πορειιιχοορήκει
435 2518 605 2599 τηνικαῦτα
626 2517 712 2604 edroi
729 2520 785 2600 τής
803 2519 850 2593 εἰς
868 2516 903 2581 τό
927 2515 1010 2582 ἴδιον
1024 2523 1132 2582 πλοῖον
1153 2521 1234 2583 εἰσε-

147 2616 306 2698 λεόοευς,
341 2612 396 2678 καί
421 2616 623 2702 περιπλακεὶς
642 2613 857 2699 κατησπάζετο
875 2616 963 2697 μάλα
980 2617 1171 2703 περιχαρῶς.
1213 2616 1233 2679 ό

217 2838 244 2875 a.
259 2824 447 2895 θεραπόντων
466 2840 517 2875 om.
541 2824 598 2887 ΡΑ,
627 2824 688 2876 add.
714 2824 762 2877 CG
788 2832 816 2878 et
843 2827 871 2877 in
899 2829 1018 2897 margine
1037 2829 1064 2881 Ρ.
1187 2825 1234 2885 διά

216 2894 267 2951 τοῦ
284 2895 384 2951 στόλου
411 2912 463 2946 ona.
482 2895 538 2956 ΡΔ,
556 2894 615 2946 add
633 2896 679 2948 Cli
697 2904 725 2947 et
743 2896 774 2947 in
790 2896 910 2965 margine
928 2898 955 2952 P.
1060 2914 1085 2969 9.
1109 2900 1234 2967 ἀπευθή-

217 2983 271 3022 ναι
287 2966 315 3018 Ρ.
397 2983 436 3021 ιο.
453 2968 572 3038 κεραίαν
589 2964 666 3018 CGA.
774 2981 816 3018 as.
836 2963 923 3026 αὐτόν
941 2984 992 3020 om.
1009 2968 1041 3020 G.

146 3133 309 3197 comnenis,
329 3135 406 3187 unia
423 3134 560 3189 fidissimis
570 3134 733 3189 administris
744 3134 896 3202 mandavit,
914 3144 944 3191 ul
960 3138 1131 3192 Melissenum
1150 3142 1235 3193 classe

146 3206 177 3255 in
195 3204 295 3272 regiam
313 3204 473 3273 adduceret3
494 3206 673 3259 comitabatur
692 3224 753 3259 eum
771 3207 923 3280 spatharius
941 3211 1050 3279 quidam
1068 3210 1234 3263 fortissimus.

146 3282 177 3325 at
191 3276 349 3344 prinsquam
374 3276 535 3347 imperatum
553 3279 646 3347 perlici
663 3288 772 3349 posset,
799 3279 864 3333 urbs
881 3280 994 3352 capitur.
1011 3298 1041 3333 ac
1060 3280 1235 3351 Palaeologus

147 3344 278 3413 quidem,
296 3362 352 3396 nno
380 3364 396 3396 e
413 3348 469 3398 suis
488 3356 622 3413 assumto,
653 3350 687 3400 ad
704 3366 777 3401 snare
796 3351 911 3420 pedibus
931 3350 1078 3403 ‹lescendit
1106 3350 1234 3405 obicum

147 3416 302 3466 naviculam
312 3417 468 3479 invenisset,
485 3419 574 3470 statim
588 3436 619 3469 ea
630 3436 784 3483 conscensa,
800 3422 910 3489 remiges
928 3432 998 3475 recta
1014 3422 1044 3474 in
1064 3422 1151 3473 locum
1170 3422 1235 3476 vehi

148 3484 237 3547 iubet,
254 3485 303 3537 ubi
317 3487 408 3537 classis
418 3504 466 3556 pro
480 3504 554 3538 more
573 3490 715 3541 stationem
730 3489 857 3543 habebat.
874 3493 981 3561 iamque
999 3492 1235 3563 appropinquabat

147 3554 275 3606 ulteriori
292 3558 384 3626 ripae,
401 3575 461 3609 cnm
475 3558 570 3623 illum,
588 3561 636 3628 qui
655 3578 671 3610 a
688 3561 829 3612 hotaniale
853 3561 888 3611 nd
905 3562 1078 3615 lilelissenuna
1097 3580 1235 3617 arcessen-

148 3625 215 3675 dnm
230 3628 326 3678 missus
356 3636 428 3692 erat,
444 3629 556 3680 classem
582 3630 771 3699 expedientem
795 3632 947 3700 conspexit;
973 3632 1125 3703 spatharius
1147 3653 1200 3687 una
1217 3654 1234 3687 e

147 3697 264 3748 naribus
283 3696 390 3749 bellicis
401 3698 560 3751 vehebatur.
578 3716 658 3769 quem
678 3702 819 3753 simulans
840 3702 987 3771 longinquo
1007 3704 1141 3773 cognovit,
1159 3706 1232 3775 (narn

147 3766 366 3819 familiarissima
387 3770 453 3821 olim
472 3771 558 3839 erat‚)
581 3771 754 3839 adnavigavit
772 3780 800 3825 et
821 3772 910 3824 salute
929 3772 1016 3839 dicta,
1037 3792 1096 3826 cum
1114 3776 1234 3831 undeet

146 3852 207 3907 qno
223 3838 439 3907 proficisceretur
450 3847 623 3911 percontatus
643 3852 729 3905 esses,
749 3845 864 3911 rogarit,
884 3850 916 3895 ut
930 3860 958 3895 se
978 3845 1005 3895 in
1022 3862 1117 3897 navem
1136 3846 1234 3900 admit-

145 3915 227 3959 teret.
246 3908 297 3959 sed
314 3910 482 3980 spatharius,
508 3911 555 3981 qui
573 3926 634 3963 eum
662 3920 736 3964 scuto
755 3914 904 3985 gladioque.
917 3914 1077 3968 instructum
1095 3919 1234 3987 conspice-

146 3986 201 4041 ret,
220 3987 296 4030 metu
313 3984 440 4045 allectus,
458 3980 614 4044 “libenter‚
637 3981 736 4053 inquit,
755 3987 913 4056 exciperem,
934 3986 988 4037 nisi
1005 3995 1033 4040 te
1052 3986 1171 4040 viderem
1190 4006 1234 4039 ar-

145 4050 278 4099 matum.”
309 4051 357 4101 ille
385 4053 443 4103 sine
462 4051 657 4105 detrectatione
682 4062 805 4122 paratum
834 4072 862 4107 se
889 4056 1010 4110 ostendit
1034 4067 1061 4109 et
1082 4068 1186 4110 scritum
1207 4068 1235 4111 et

146 4118 268 4187 gladium
288 4128 315 4172 et
334 4122 437 4189 galeam
456 4123 609 4192 deponere,
640 4123 720 4176 modo
738 4127 767 4177 in
785 4142 877 4178 navem
895 4144 924 4178 ae
945 4130 1063 4199 recipere
1081 4130 1171 4181 vellet.
1189 4138 1234 4181 nt-

145 4206 205 4260 que
228 4189 279 4243 ubi
304 4208 378 4245 arnse
402 4211 463 4247 eom
480 4193 631 4266 apolinarius
660 4197 783 4265 posuisse
806 4197 889 4263 riuis,
916 4199 946 4255 in
963 4216 1056 4253 navem
1080 4199 1187 4253 admisit
1204 4208 1234 4251 et
