2984 4800
280 275 358 362 ¹9²
623 269 759 335 ενυειι
785 269 1007 338 conamen

273 425 388 510 χρῶμα
408 419 443 488 ἐν
470 425 541 496 scic
567 415 709 496 ἱππικαῖς
739 419 887 504 άμιλλαις
910 422 1081 504 Ῥωμαλως
1100 417 1297 512 &domm
1317 423 1357 492 τὰ

271 527 331 608 μὲν
352 517 627 603 ἐπαγγειλάμενος,
657 516 696 584 τά
718 522 754 588 δὲ
773 520 830 584 ναί
847 524 1013 606 προτείνειν
1041 517 1118 606 ἤδη,
1139 523 1170 588 εί
1182 521 1280 605 μόνον
1302 528 1360 588 θε-

240 621 399 708 ῦλνῇσαιεν
419 616 452 685 τό
473 616 620 682 ναυτικόν
640 617 765 704 ἁπάσης
784 623 839 704 τῆς
858 617 969 706 χώρας
991 621 1098 686 αὐτῶν
1118 623 1282 700 ἐξοπλίσαι
1303 624 1360 688 καί

270 721 381 803 τάχιον
400 721 446 794 εἰς
465 712 499 784 τό
521 717 705 800 Δυρράχιον
723 723 926 802 καταλαβεῖν,
946 723 998 806 ἐφ’
1019 709 1045 808 ᾧ
1063 721 1154 786 τοῦτο
1173 724 1233 803 μὲν
1253 717 1359 809 φυλά-

272 825 326 900 ξαι
337 870 348 900 ,
379 814 459 899 μετά
482 817 516 882 δὲ
537 819 592 881 τοῦ
613 815 722 881 στόλου
742 821 800 882 τοῦ
814 819 1007 904 Ῥομπὲρτου
1026 817 1179 904 καρτερόν
1200 818 1388 904 convica-5

272 923 349 984 σθαι
363 919 505 998 πόλεμον.
527 918 583 980 καί
603 914 719 981 cisterci
739 914 780 982 τά
793 918 1030 1001 όιαμηνυθὲντα
1049 919 1159 994 ον’τοίς
1180 918 1361 1004 ποιήσοιεν,

272 1017 333 1084 εἴτε
355 1020 435 1081 θεοῦ
453 1013 661 1100 ε’παρὴχοντος
688 1012 744 1098 τήν
764 1019 899 1081 νιιιῶσαν
918 1026 1046 1100 σχοῖεν,
1066 1015 1129 1082 εἴτε
1152 1015 1259 1102 (ὁποία
1276 1042 1360 1098 συμ·

272 1119 394 1199 βαίνειν
416 1113 527 1180 εἴωθεν
538 1119 563 1200 ,)
597 1112 781 1198 ἡττηθεῖεν,
810 1118 913 1180 εἰιείνα
938 1113 1021 1180 ου’τά
1043 1115 1195 1198 λήψονται
1216 1114 1296 1180 κατά
1317 1111 1358 1180 τά

273 1215 489 1300 ὑπεσχημένα,
511 1209 615 1298 ὥσπερ
632 1215 662 1279 εί
682 1213 763 1280 κατὰ
777 1213 890 1296 κρότος
909 1217 1066 1300 ἐνίκησαν.
1081 1213 1161 1278 άλλά
1183 1217 1236 1280 ecl
1258 1211 1359 1280 όπόσα

273 1317 335 1380 τοῖν
354 1310 541 1398 θελημάιοον
569 1311 676 1378 acircio
697 1311 740 1396 μὴ
762 1306 923 1400 ἐπισφαλῆ
950 1315 988 1400 τῇ
1007 1317 1070 1378 τεόν
1082 1314 1251 1394 Ῥωμαίων
1275 1308 1361 1400 άρχῇ
1372 1347 1410 1388 10

274 1409 355 1496 εἶεν,
379 1410 700 1498 άποπληρωθὴσονται
715 1409 770 1476 διὰ
790 1413 1034 1497 χρυσοβοάλλοιν
1050 1411 1360 1496 λόχωνόμπεδωθὲν·

273 1539 329 1580 τα.
372 1509 402 1577 oi
433 1514 467 1578 ti
497 1509 617 1576 τούτων
637 1505 840 1594 άκοάσαντες,
862 1508 964 1577 πάντα
986 1509 1104 1596 ὅσαπερ
1127 1503 1241 1594 ἤθελον
1261 1503 1362 1588 οάθις

241 1611 329 1682 nost
351 1615 510 1694 πρέσβεων
530 1609 794 1692 ἑξαιτησάμενοι,
829 1607 887 1686 τάς
913 1609 1103 1693 ὑποσχέσεις
1127 1612 1258 1691 βεβαίας
1280 1615 1363 1690 λαμ-

272 1711 416 1792 βάνουσι.
441 1711 611 1793 τηνικαῦτα
627 1711 732 1773 τοίνυν
753 1710 866 1773 στόλον
879 1707 1119 1794 ειῖτρεπάιαντες
1133 1707 1187 1774 διὰ
1210 1711 1360 1772 παντοίου

274 1809 377 1886 εἴδους
397 1811 531 1887 πλοίων,
559 1804 613 1873 τόν
634 1805 714 1891 πρός
734 1806 919 1892 Δυρράχιον
939 1806 1102 1872 ἀπόπλουν
1115 1809 1281 1872 ἐποιοῦντο
1299 1803 1411 1872 civit

272 1911 399 1998 εάταξίρι
417 1911 527 1994 πολλῇ.
580 1907 636 1970 καί
654 1903 789 1981 πολλοός
818 1908 989 1982 κελεύθους
1009 1906 1248 1992 διανηξάμενοι,
1268 1907 1362 1972 κατό-

272 2011 370 2090 λαβον
389 2004 423 2073 τό
446 2009 496 2072 ἐπ’
518 2003 650 2086 ὀνόματι
668 2005 723 2084 τῆς
743 2000 961 2089 άπεραμάμου
981 2003 1132 2071 θεοτόκου
1154 2003 1253 2070 πάλαι
1275 2004 1363 2070 άνοι·

271 2110 449 2192 τοόομνβὲν
482 2109 609 2186 τέμενος
638 2105 684 2178 είς
716 2103 810 2168 τόπον
828 2107 961 2168 Πολλία
988 2103 1180 2185 καλούμενον
1200 2103 1363 2188 ἀπέχοντα

271 2209 329 2290 τῆς
349 2207 551 2289 παρεμβολῆς
571 2205 627 2266 τοῦ
639 2198 852 2287 Ῥομπὲρτου,
876 2199 995 2282 ἔξωθεν
1017 2205 1073 2266 τοῦ
1085 2205 1275 2286 Δυρραχίου
1295 2227 1361 2268 κει-

271 2307 387 2392 μένης,
410 2304 487 2369 mcci
497 2305 646 2377 σταδίους
667 2299 889 2367 ὀκτωκαίδεκα.
929 2298 1122 2383 θεασάμενοι
1136 2303 1170 2367 δὲ
1191 2299 1228 2365 τό
1249 2326 1357 2367 ναυτι-
1369 2318 1410 2362 ue

178 2416 205 2471 Ρ.
219 2402 328 2476 roceto
348 2408 407 2471 τοῦ
423 2402 616 2489 Ῥομπέρτον
637 2400 759 2467 ἐκεῖθεν
783 2404 840 2487 τῆς
863 2400 984 2477 πόλεως
1003 2401 1191 2489 Δυρραχίου
1222 2402 1359 2491 παντοίῳ

345 2592 367 2629 ι.
384 2572 514 2645 ἁμίλλαις
531 2586 582 2623 om.
600 2570 632 2625 A.
679 2566 824 2642 Ῥωμαίων
837 2567 883 2622 ὓ.4
923 2570 949 2637 i.
966 2570 1007 2628 είς
1024 2582 1076 2620 om.
1093 2568 1127 2624 G.
1178 2571 1203 2623 fi
1224 2567 1361 2642 άιαμηνυ-

341 2647 427 2697 scm
446 2643 483 2707 C,
498 2646 660 2715 μηνυθέντα
677 2640 731 2691 PG.
792 2656 831 2695 ιι.
850 2636 1118 2713 άπαπληροιθὴσετιιι
1135 2636 1170 2703 C,
1192 2636 1361 2712 ἀποπληρώ-

344 2728 442 2768 σονται
452 2714 484 2777 G,
503 2708 793 2781 inrationalem·
813 2713 842 2763 h.
903 2716 941 2779 τί.
959 2711 1124 2764 artocreae
1141 2709 1170 2761 in
1186 2712 1306 2781 margine
1323 2712 1358 2775 Ρ,

343 2784 414 2855 γοῦν
435 2782 486 2835 PG.
592 2784 629 2833 15.
646 2783 755 2838 πλοίων
774 2774 847 2852 πρός
863 2774 896 2834 τό
912 2778 1077 2855 Δυρράχιον
1097 2781 1127 2832 Δ.
1231 2782 1270 2833 ι6.
1291 2784 1360 2837 πολ·

342 2846 407 2915 λαός
422 2872 429 2905 s
446 2854 507 2924 lege
524 2853 672 2925 πελάγους.
689 2852 744 2903 vid.
762 2858 883 2905 annotat
975 2864 1013 2921 ιχ.
1031 2847 1359 2925 ὑπεραμάμουεάπερα·

343 2930 409 2995 χίας
423 2924 455 2978 Δ.
545 2940 588 2975 το.
607 2922 731 2983 σταδίοις
750 2921 782 2975 G.
863 2920 895 2977 ee
911 2924 980 2975 ιταλ
997 2922 1030 2985 G,
1050 2938 1102 2974 om.
1113 2926 1146 2980 Δ.

274 3080 358 3151 (unde
377 3088 474 3134 veneto
497 3081 581 3133 colori
607 3080 638 3131 in
662 3074 854 3131 certaminibus
880 3073 1050 3146 equestribus
1076 3093 1174 3129 nomen
1197 3076 1361 3136 chomauis

275 3152 391 3206 inclitam
417 3152 501 3203 luisse
530 3150 640 3219 dicitur)
668 3152 696 3201 in
716 3150 847 3201 auxilium
874 3154 971 3210 vocat,
998 3146 1095 3217 partim
1112 3148 1290 3218 promittens,
1307 3150 1363 3203 alia

276 3225 356 3276 etiam
372 3224 463 3275 statim
481 3224 608 3284 offerens,
627 3220 773 3273 dummodo
783 3236 843 3270 cum
855 3217 982 3271 omnibns
992 3216 1078 3287 copiis
1095 3218 1236 3271 maritimis
1248 3219 1363 3273 celerri-

275 3312 318 3347 me
337 3292 532 3362 Dyrrhachium
549 3292 651 3344 veilent
669 3299 771 3361 petere,
791 3299 822 3341 ut
838 3296 867 3341 et
881 3288 975 3340 urbem
993 3296 1140 3354 tuerentur,
1156 3299 1184 3341 et
1200 3307 1259 3342 cum
1278 3291 1362 3345 classe

276 3366 385 3417 Roberti
402 3364 506 3435 proelio
527 3362 693 3416 dimicarent.
712 3360 788 3431 quod
808 3360 832 3412 sl
849 3359 984 3421 iecissent,
994 3358 1221 3429 quemadmodum
1238 3360 1306 3431 ipsis
1324 3363 1364 3415 si-

276 3436 429 3505 gnificatum
453 3440 540 3497 essct,
565 3433 621 3485 sive
649 3432 699 3486 deo
726 3433 837 3485 iuvante
857 3430 998 3481 victoriam
1023 3440 1212 3500 reportassent,
1239 3432 1314 3496 sive,
1330 3440 1364 3485 ut

275 3515 338 3558 sunt
360 3522 435 3557 casus
453 3522 560 3567 rerum,
586 3503 706 3573 superati
733 3510 840 3565 essent,
861 3498 956 3551 eadem
981 3499 1045 3565 illa,
1075 3518 1146 3570 qnae
1164 3501 1362 3571 polliceretur,

276 3584 433 3644 eccepturos
451 3592 526 3639 esse,
552 3574 607 3626 scsi
633 3572 798 3625 devicissent
827 3571 941 3623 hostem.
966 3578 1106 3640 praeterea
1135 3572 1224 3636 etiam,
1245 3572 1269 3624 si
1290 3590 1362 3643 quae

275 3654 421 3715 cuperent,
446 3662 517 3717 quae
544 3644 617 3697 salva
644 3660 673 3697 rc
698 3646 816 3695 Romana
841 3638 953 3693 concedi
969 3650 1088 3710 possent,
1105 3658 1154 3707 ea,
1172 3640 1255 3694 bullis
1272 3646 1361 3699 aureis

275 3716 398 3778 firmata,
424 3718 583 3785 praestitum
602 3714 644 3767 iri.
684 3715 786 3785 quibus
815 3713 857 3763 illi
876 3710 993 3775 auditis,
1009 3728 1188 3783 quaecunque
1210 3712 1361 3781 volebant,
1394 3770 1400 3781 ,

274 3800 325 3857 per
340 3785 443 3855 legatos
454 3786 605 3855 postulant,
628 3793 656 3838 et
669 3784 717 3837 ubi
737 3785 928 3854 promissorum
947 3780 1028 3833 fidem
1042 3792 1211 3854 acceperunt,
1229 3783 1315 3837 classe
1328 3802 1362 3837 ex

276 3858 362 3909 omnis
380 3858 484 3925 generis
509 3856 623 3909 navibus
650 3862 764 3919 ornata,
789 3851 984 3921 Dyrrhachium
1011 3852 1120 3906 solvunt
1143 3854 1207 3906 satis
1226 3853 1300 3907 hono
1318 3873 1362 3908 or·

277 3926 358 3993 sline3
390 3934 419 3979 et
446 3928 536 3995 pelagi
559 3927 614 3979 alta
643 3928 796 3997 permensi,
821 3923 965 3993 appellunt
988 3920 1025 3975 ad
1049 3922 1182 3994 templum
1206 3926 1236 3976 in
1252 3928 1362 3979 nomine

276 3996 545 4068 superimmaculatae
566 3998 611 4050 ‹lei
626 3998 717 4050 matris
734 3996 801 4049 olim
818 4002 983 4046 exstructum
1004 3994 1034 4045 in
1051 3994 1130 4061 icco,
1148 3994 1195 4065 qui
1212 3994 1297 4047 Pallia
1314 4014 1363 4049 ιο-

275 4078 368 4133 catur,
388 4085 404 4119 s
421 4068 531 4121 liobsrti
557 4069 668 4132 castris,
686 4075 762 4120 extra
783 4063 979 4133 Dyrrhachium
998 4066 1115 4136 positis,
1132 4063 1285 4118 octodecim
1305 4068 1363 4119 fer-

275 4156 318 4195 me
336 4138 482 4193 stadiorum
507 4140 602 4209 spatio.
629 4137 678 4191 sed
695 4154 756 4191 cum
773 4135 885 4191 licherti
908 4135 1021 4189 classem
1037 4152 1055 4191 s
1071 4135 1181 4205 regione
1197 4136 1358 4205 Dyrrhachii
