2984 4800
563 321 805 386 susurnam.
873 307 877 316 ’
1161 327 1228 388 xix
1276 311 1282 322 ’

135 459 386 560 magnitudine
410 460 513 534 facile
529 463 638 560 triplo
653 464 784 536 maiori
805 476 870 536 est.
895 462 1037 535 Etenim
1064 465 1129 560 qui
1142 464 1228 563 Epi-

133 601 260 660 tomen
286 586 440 682 pararit,
468 611 543 658 non
569 589 700 682 solum,
724 601 766 658 ut
790 585 999 663 Alexiadcm
1024 588 1063 659 in
1086 589 1229 660 brevius

134 711 387 804 contraheret,
413 735 560 806 operam
588 709 710 804 dedit,
735 709 802 784 sed
826 712 942 783 multo
967 711 1094 807 magis,
1115 726 1157 784 ut
1182 737 1229 784 ne

134 833 225 932 quid
246 847 470 930 excerperet,
492 832 596 931 quod
617 837 795 910 lectorum
821 859 951 931 parum
977 834 1151 908 interiore
1176 837 1230 908 ri-

132 957 291 1030 deretur.
353 963 479 1054 ltaque
522 971 600 1031 tota
634 957 791 1031 subinde
829 959 950 1056 capita
988 960 1164 1052 resecuit,
1195 973 1232 1030 et

134 1081 338 1178 quominus
381 1078 561 1175 desectus,
598 1082 723 1154 hiante
774 1084 959 1177 oratione,
996 1097 1232 1182 apparerent,

133 1206 240 1274 etiarn
256 1203 369 1274 rerba
384 1205 566 1301 contigua,
590 1203 706 1276 modo
724 1204 880 1302 parcius,
895 1205 1010 1278 modo
1025 1206 1231 1299 violentius,

136 1326 424 1424 conglutinando
442 1329 687 1424 interpolavit,
713 1353 797 1400 cum
822 1330 1129 1426 ceterapleraque
1154 1354 1233 1401 ser-

133 1451 271 1522 vaverit
307 1451 466 1548 integra,
501 1451 617 1524 multo
659 1465 756 1522 certe
787 1453 907 1524 minus
950 1452 1020 1522 sibi
1054 1453 1234 1546 licentiae,

136 1597 245 1669 quam
274 1572 529 1646 Gronovianus
564 1575 650 1667 istc,
686 1575 866 1648 sumserit.
917 1575 982 1648 vix
1008 1588 1129 1646 autem
1154 1599 1234 1646 cre-

137 1695 276 1768 diderit
300 1697 519 1794 quisquam,
545 1721 656 1796 quam
678 1699 811 1770 misere
841 1697 1043 1770 deformata
1067 1699 1234 1795 Epitomc

132 1820 192 1890 itta
224 1817 274 1891 ad
310 1844 378 1891 nos
409 1821 626 1917 pervenerit.
687 1820 790 1908 Nulla
822 1823 921 1893 enim
953 1821 1067 1896 ferme
1102 1823 1235 1921 pagina

133 1940 307 2014 editionis
332 1942 627 2016 Hocschelianae'
651 1957 723 2038 est,
756 1969 871 2042 quae,
903 1958 946 2018 ut
970 1947 1039 2018 alia
1063 1947 1235 2020 vitiorum

131 2089 267 2162 genera
293 2066 484 2160 omittam,
517 2091 595 2160 non
623 2080 696 2138 tres
729 2081 888 2163 quatuor
918 2069 1066 2140 lacunas
1089 2070 1234 2142 habeat

135 2191 198 2262 vet
219 2192 272 2263 sic
297 2175 424 2262 tamen
449 2191 631 2287 egregium
647 2190 694 2262 ad
715 2205 832 2262 textus
850 2191 1146 2264 emendationem
1169 2194 1236 2267 ad-

135 2314 352 2386 miniculum
378 2315 516 2386 censeri
542 2311 664 2386 debet.
699 2315 871 2386 Possinus
884 2314 1037 2412 quidem
1060 2315 1145 2386 satis
1167 2315 1236 2388 ha·

135 2438 238 2531 buit,
262 2436 443 2509 Alexiadis
467 2437 753 2532 praefationem,
785 2464 880 2534 quae
913 2439 952 2511 in
975 2441 1148 2511 omuibus
1171 2466 1236 2511 eo-

136 2560 281 2633 dicibus
316 2560 437 2655 deest,
469 2558 557 2633 inde
591 2586 754 2656 sumere3
793 2563 935 2659 reliqua
959 2586 1007 2645 ne
1032 2560 1236 2659 adspexisse

137 2684 292 2781 quidem
327 2683 481 2756 videtur.
545 2684 619 2782 Ego
636 2696 740 2759 ‘vero
779 2698 946 2757 accurato
976 2687 1053 2757 eius
1084 2709 1152 2757 usu
1177 2686 1236 2757 di-

137 2808 231 2901 dici,
258 2809 396 2881 nullum
420 2809 525 2882 facile
551 2808 718 2882 codicem
743 2831 841 2904 esse,
880 2810 938 2882 cui
965 2810 1070 2883 Aona
1094 2824 1235 2881 tautum

141 2931 297 3026 debeat,
324 2946 502 3029 quantum
525 2933 612 3005 huic
635 2936 845 3041 Epitomae3
872 2935 1011 3031 quippe
1037 2958 1133 3029 quae
1158 2934 1235 3005 sola

10 3066 11 3069 ’
139 3081 217 3127 non
240 3055 357 3128 modo
383 3058 550 3133 lectionis
565 3059 754 3144 veritatem
775 3058 982 3154 saepissime
998 3071 1154 3151 tueatur,
1176 3082 1236 3129 vc-

139 3204 220 3251 nmr
247 3181 358 3251 etiam
382 3182 506 3278 plura,
539 3206 633 3277 quae
664 3182 792 3254 mutila
826 3182 993 3277 leguntur
1025 3181 1065 3251 in
1086 3182 1236 3276 reliquis

139 3302 261 3396 libris,
283 3328 371 3379 sana
395 3320 432 3377 ct
456 3306 597 3403 integra
618 3306 798 3380 exhibeat.
850 3302 1017 3377 Ceterum
1042 3329 1124 3375 cum
1139 3304 1237 3373 Hoe-

10 3472 12 3535 5
140 3427 298 3499 schelius
323 3428 490 3501 codicem
517 3430 784 3527 augustanum,
816 3442 858 3500 ut
890 3452 933 3499 ex
965 3426 1236 3524 speciminibus,

10 3582 12 3603 >
140 3574 160 3621 a
198 3550 381 3631 Friderico
411 3552 764 3651 Windisclnmanno,
795 3553 892 3626 Prof.
926 3552 1157 3643 Monacensi,
1188 3548 1237 3621 ad

140 3698 201 3748 me
226 3674 365 3769 missis,
390 3678 569 3773 cognovi,
588 3694 666 3751 non
691 3702 755 3771 ea,
782 3702 855 3775 qua
878 3701 944 3773 par
969 3688 1058 3768 erat,
1083 3673 1252 3770 diligens

141 3798 191 3869 tia
213 3800 438 3894 contulisset,
462 3825 642 3898 perquam
664 3814 872 3898 opportune
894 3798 1038 3892 accidit,
1058 3810 1099 3869 ut
1113 3781 1237 3869 'bene-

144 3918 226 3992 ficio
250 3921 376 3994 Taselii
408 3924 447 3996 V.
477 3922 515 3995 C.
542 3924 801 4023 apographum
830 3923 1057 3995 nanciscerer
1089 3943 1237 3992 accura-

145 4044 235 4137 tius,
262 4045 367 4141 quod
393 4049 433 4119 in
453 4048 681 4120 Bibliotheca
692 4046 912 4147 'subingcnsi
938 4058 1146 4119 asservatur.
1168 4044 1237 4113 Ex·

144 4170 305 4265 emplum
343 4172 432 4245 iltud
457 4172 703 4269 Augustanum
727 4172 873 4268 triginta
905 4172 1071 4269 quinque
1112 4167 1236 4258 annis,
