2984 4800
262 303 341 357 102
599 296 737 361 ANNAE
770 293 993 360 conantia

166 450 484 535 Virdiocrqadrcrvos
502 444 685 532 βοηθειαι·.”
734 441 765 510 ολ
793 445 828 510 δέ
859 444 1016 508 ἐπέκειντο
1045 435 1172 526 σφόδρα
1203 460 1344 520 μετακα-

222 549 399 631 Βλοδμενοι
420 546 553 629 ταύτην·
577 542 823 629 ἀγανακτήσασα
843 543 879 607 δὲ
900 537 1012 624 circei
1033 563 1112 626 φησι
1130 539 1210 626 πρὸς
1222 535 1345 614 adsurde

252 643 536 731 “nopcxuprjoard
555 666 612 724 μοι
640 645 687 718 εἰς
716 641 774 725 τήν
805 645 863 705 rari
888 632 968 704 θεοῦ
996 633 1160 724 ἐκκλησίαν
1187 639 1344 703 εἰσελθεῖν

251 748 478 828 προσκυνῆσαι.
530 737 645 808 ἄτοπον
671 740 734 825 γάρ
757 742 842 805 ἔστιν
869 741 915 814 εἰς
945 739 1021 812 τούς
1052 740 1216 814 πυλεῶνας
1244 738 1342 820 αὐτῆς

252 843 449 928 paduanae,
488 840 531 927 μη
554 845 710 906 εἰσελθεῖν
737 841 794 903 καί
824 840 964 920 μεσίιιδι
992 837 1029 924 τῇ
1056 837 1266 924 παναχριένιερ
1287 839 1373 915 δε.ς

251 949 362 1030 σποίνη
383 941 438 1007 καί
457 937 633 1025 θεομητορι
649 938 839 1024 χρήσασθαι
856 935 899 1014 εἴς
920 960 953 1002 ιε
973 933 1028 1001 τὸν
1040 935 1118 1001 θεὸν
1140 935 1196 1000 καί
1208 933 1265 1020 την
1284 937 1344 1001 τοῦ

251 1046 407 1126 βασιλέως
438 1038 581 1125 ψυχήν.”
628 1037 686 1124 την
713 1031 845 1122 ,εὔλογον
876 1029 933 1102 οὖν
958 1031 1081 1119 αἴτησιν
1106 1039 1164 1120 τῆς
1195 1033 1346 1118 γυναικὸς

254 1143 453 1218 αἰδεσθέντες
470 1138 501 1204 οἰ
519 1143 684 1226 πρέσβεις,
704 1139 957 1220 παραχωροῦσιν
983 1135 1066 1221 edrai
1083 1137 1140 1218 τῆς
1160 1132 1302 1200 εἰσόδου.
1324 1129 1346 1215 ἢ

255 1244 290 1306 δὲ
309 1241 430 1324 βραδεῖ
456 1237 533 1304 ποδί
557 1238 728 1320 στείχουσα
761 1231 888 1312 droise
923 1233 987 1299 α’πὸ
1019 1235 1075 1318 τῆς
1095 1234 1197 1318 λδιιης
1214 1233 1270 1297 καί
1287 1235 1347 1298 τοῦ

254 1339 361 1426 γήρως
381 1345 576 1422 κεκμηκοῖα,
604 1341 725 1419 μᾶλλον
753 1339 789 1402 δὲ
819 1335 876 1400 καί
902 1331 960 1400 adr
991 1333 1162 1418 κεκμηκδεα
1178 1328 1396 1416 danaprin-so

253 1444 354 1524 μένη,
377 1439 505 1521 περίτι
524 1433 608 1501 adad
627 1458 690 1498 που
724 1433 765 1499 ad
787 1435 922 1500 εἰσόδια
939 1437 999 1498 τοῦΙ
1020 1431 1110 1516 ἱεροῦ
1129 1431 1269 1516 βήματος
1289 1453 1347 1496 πε·
1387 1495 1391 1505 ,

255 1537 380 1603 idoneo
400 1535 456 1601 καί
473 1539 672 1620 γονυκλισιας
689 1534 749 1598 δύο
765 1537 978 1617 ποιησαμένη,
1000 1535 1075 1616 περί
1089 1528 1144 1616 τὴν
1162 1534 1270 1618 τρίτην
1289 1556 1348 1596 κει-

257 1642 412 1703 θεσθεῖσα
444 1638 568 1717 χαμαί,
600 1631 696 1717 duod}
713 1635 776 1698 τῶν
805 1629 902 1716 ἁγίων
926 1631 1028 1714 εἴχετο
1058 1632 1188 1714 θυρῶν,
1212 1633 1349 1711 διαβοω-

227 1742 336 1820 ςμένη
355 1736 400 1811 aie
418 1743 439 1776 “
448 1738 479 1800 εἰ
493 1733 539 1818 μὴ
561 1731 619 1810 ade
638 1742 749 1818 χεῖρας
775 1734 990 1817 α’ποιμηθεκήν
1001 1780 1010 1812 ,
1041 1731 1098 1794 ουίι
1118 1722 1159 1794 δν
1178 1732 1238 1794 τοῦ
1257 1727 1352 1814 inpari

258 1840 408 1916 τεμένους
436 1833 624 1917 ἐξέλθοιμι,
654 1835 686 1899 εἰ
713 1830 757 1917 μὴ
786 1829 842 1897 cdv
869 1835 927 1896 τοῦ
951 1833 1108 1913 βασιλέως
1128 1823 1234 1910 ὥσπερ
1256 1829 1399 1911 &dy-15

257 1958 334 2019 γυον
353 1936 409 2018 τῆς
427 1936 586 2018 σωτηρίας
605 1930 756 2016 δεξαίμην
776 1935 943 2013 σιαορὸν.”
986 1925 1129 2009 definieris
1152 1930 1188 1991 δὲ
1208 1925 1226 1992 δ
1247 1931 1351 2012 Erpa·

258 2031 448 2116 βοροομανδς
466 2026 563 2118 ὅνπερ
583 2033 756 2118 ἰπεφέρεεο
776 2027 911 2114 σταυρὸν
932 2025 1096 2110 &radiatae
1115 2026 1234 2092 ἐδίδου.
1274 2027 1295 2112 ἦ
1315 2028 1353 2090 δδ

261 2137 339 2198 “cdx
365 2134 423 2217 ἀφ’
448 2128 540 2213 ὑμῶν
569 2128 629 2214 την
648 2133 867 2216 πληροφορίαν
890 2129 987 2208 αἰτοῖ,
1018 2127 1086 2192 ἀλλ’
1118 2129 1152 2203 ἐξ
1172 2120 1274 2190 αὐτοῦ
1294 2127 1353 2190 τοῦ

236 2235 417 2315 ’βασιλέως
447 2231 583 2314 ἐπιζητῶ
601 2227 659 2314 τὴν
689 2231 855 2313 εἰρημένην
873 2225 1038 2311 βοήθειαν.
1083 2225 1138 2290 καί
1157 2225 1226 2290 οὐδ’
1245 2221 1355 2302 δειλῶς

262 2335 298 2398 έν
318 2333 421 2417 μικρηῖ
439 2333 570 2413 μεγέθει
595 2325 652 2392 τὸν
681 2325 846 2411 διδόμενον
871 2321 911 2390 ἂν
936 2323 1078 2409 σεαυρδν
1096 2326 1262 2410 δεξαίμην,
1285 2326 1404 2402 α’λληο

264 2428 425 2513 ἀξιόλογον
439 2427 475 2492 ιδ
490 2432 626 2526 μέγεθος
646 2424 795 2509 ἔχοντα.”
838 2426 944 2511 (τοῦτο
962 2428 997 2491 δέ
1017 2424 1170 2505 ἐπεζήτει,
1184 2426 1237 2489 ἵνα
1258 2446 1358 2489 κατα-

265 2532 366 2613 φανὲς
384 2524 464 2611 πρδς
484 2529 604 2611 ἰκείνην
622 2522 659 2591 τὸ
683 2520 789 2609 ὅρκιον
812 2528 952 2607 γένοιτο·
996 2528 1031 2589 ἐν
1051 2530 1154 2611 μικρῷ
1176 2520 1237 2608 γὰρ
1257 2547 1356 2589 σεαυ-

264 2626 323 2715 ρέηι
358 2629 414 2711 τῆς
441 2622 644 2708 ὑποσχέσεως
668 2627 852 2709 γενομένης,
876 2623 964 2707 ἰα’χα
993 2617 1034 2689 δν
1068 2622 1140 2700 τούς
1156 2620 1292 2700 πολλοὺς
1313 2622 1355 2686 ια’

336 2830 532 2955 {Summum
550 2821 583 2873 G.
675 2822 715 2891 ti·
734 2818 925 2895 deturpabatur
943 2820 981 2887 C,
998 2808 1171 2895 διιοτμηθείη
1188 2819 1241 2873 PG.
1315 2822 1355 2872 re.

270 3045 332 3099 stati
351 3052 414 3096 tuae
435 3044 603 3115 patefaciant
619 3044 805 3116 auxiliumque
823 3044 1001 3117 implorent.”
1018 3043 1194 3097 nibilominus
1219 3043 1359 3097 instabant

270 3118 313 3167 iiii
332 3116 367 3167 ad
382 3118 572 3185 imperatorem
586 3133 645 3167 eam
663 3133 781 3169 evocare.
797 3118 826 3170 id
842 3120 918 3169 Anna
932 3116 1046 3169 moleste
1064 3116 1161 3177 serens,
1180 3114 1288 3179 “sinite,
1306 3132 1361 3178 me,

232 3191 234 3194 '
270 3188 371 3257 inquit,
387 3186 433 3237 dci
452 3187 601 3248 ecclesiam,
618 3196 650 3239 ut
665 3186 707 3238 ibi
717 3188 835 3251 adorem,
854 3187 967 3257 ingredi.
986 3204 1079 3256 parum
1098 3188 1171 3237 enirn
1193 3184 1280 3247 decet,
1297 3202 1361 3237 cara

272 3258 307 3309 ad
325 3266 417 3328 portas
431 3258 559 3322 venerim,
573 3258 709 3320 recedere,
725 3259 884 3329 priusquam
901 3258 1088 3309 immaculatae
1107 3256 1232 3307 staminas
1251 3264 1279 3306 et
1298 3254 1361 3307 dei-

271 3345 353 3398 parre
372 3344 451 3397 opem
472 3328 650 3379 invocaverim
679 3329 715 3379 ad
735 3329 816 3380 deum
836 3338 864 3381 et
881 3329 1050 3399 imperatoris
1070 3328 1188 3379 anianum
1207 3324 1275 3377 mibi
1293 3342 1362 3377 con-

272 3399 429 3450 ciliandos.”
463 3400 539 3450 cuius
563 3400 693 3467 postulati
721 3403 889 3469 aequitatem
916 3400 999 3467 legati
1028 3399 1155 3460 reveriti,
1181 3398 1281 3448 intrare
1299 3414 1362 3448 earn

272 3471 400 3521 siverunt
418 3470 512 3539 itaque
530 3470 577 3520 ilia
594 3469 669 3520 tarde
688 3470 827 3529 incedens.
844 3478 876 3520 nt
894 3486 965 3539 quae
983 3478 1011 3520 et
1029 3469 1124 3521 dolore
1142 3476 1171 3519 et
1187 3476 1277 3519 aetate
1294 3484 1363 3519 con-

273 3540 349 3589 iecta
367 3549 457 3602 esset,
484 3540 527 3591 rel
547 3541 638 3609 potius
663 3541 848 3593 infirmitatem
866 3542 1026 3603 ‘sinruiaret‚
1046 3548 1190 3609 postquam
1210 3538 1245 3589 ad
1272 3539 1362 3608 ipsum

273 3610 331 3661 iere
346 3610 448 3660 aditum
458 3613 525 3661 sacri
538 3609 653 3662 bematis
663 3615 802 3680 processit,
813 3627 883 3679 genu
896 3611 938 3661 bis
949 3612 1027 3675 ilexo,
1043 3626 1103 3661 curn
1116 3612 1224 3661 tertium
1237 3623 1365 3678 procam-

154 3702 158 3709 ·
274 3680 369 3739 beret,
387 3680 462 3730 humi
480 3682 605 3733 subsedit
626 3684 763 3751 sacrisque
782 3683 867 3752 portis
886 3682 1095 3751 comprehensis,
1114 3682 1167 3732 nisi
1185 3696 1293 3743 manus,
1306 3680 1364 3730 cia-

274 3759 339 3811 mat
352 3750 403 3799 sibi
415 3752 647 3815 abscinderentur,
657 3755 760 3825 templo
774 3769 803 3805 se
814 3768 869 3804 non
883 3762 946 3805 ante
965 3752 1149 3815 discessuram,
1164 3768 1244 3821 qnam
1256 3766 1365 3802 crucem

276 3821 444 3888 imperatoris
466 3830 596 3892 tanquam
613 3824 711 3875 salutis
728 3826 825 3893 pignus
842 3825 999 3893 accepisset.
1034 3822 1266 3881 Straboramanus,
1282 3836 1366 3891 quam

277 3890 310 3942 de
327 3891 399 3942 colio
415 3891 579 3959 pendentem
606 3894 737 3963 gestabat,
764 3910 868 3945 crucem
894 3896 918 3946 ei
942 3894 1060 3962 obtulit-3
1077 3909 1171 3947 aerum
1190 3893 1238 3944 ilia
1255 3900 1329 3943 ‘mon
1349 3908 1365 3941 a

276 3960 370 4022 vobis,
390 3961 496 4029 inquit,
514 3964 596 4015 sidem
613 3965 683 4016 mibi
701 3964 759 4017 dari
787 3966 883 4033 cupio,
901 3964 949 4017 ssd
969 3966 1003 4017 ab
1022 3966 1081 4035 ipso
1100 3966 1263 4033 imperatore
1280 3978 1365 4033 quarn

277 4031 335 4082 dixi
351 4032 504 4082 cantionem
523 4037 648 4101 postuic;
679 4051 769 4105 neque
787 4037 897 4087 omnino
914 4036 1045 4091 minutam
1066 4036 1149 4087 tatem
1168 4051 1275 4086 crucem
1292 4035 1365 4085 scci-

276 4102 358 4170 piam,
376 4101 423 4153 sed
435 4105 628 4171 magnitudinis
644 4106 782 4158 idoneae.''
801 4104 869 4175 (lroc
887 4106 950 4157 idea
965 4105 1106 4176 flagitavit,
1123 4114 1155 4156 ut
1175 4104 1366 4156 iusiurandum

278 4172 331 4224 sibi
348 4174 507 4242 praestitum
531 4177 620 4246 patara
637 4176 721 4231 fieret.
749 4178 772 4229 si
791 4177 864 4231 enim
881 4178 909 4231 in
927 4194 1009 4249 parva
1034 4192 1112 4229 crues
1130 4176 1274 4246 promissio
1294 4177 1367 4229 iacta
