2984 4800
259 329 384 390 XXXVI
658 327 775 390 ruunt
805 325 959 392 uossttu
1072 364 1079 376 -

258 495 437 562 autoritatis
460 505 583 558 certum
605 495 721 558 hebete
742 496 791 557 vel
811 496 835 556 si
856 497 1008 578 preberes
1029 495 1112 558 solus
1133 495 1350 560 damnantibus

260 607 376 668 cunctis
399 604 438 666 ed
464 605 562 666 lemae
584 607 738 666 rationem
773 607 971 686 fructumque
992 603 1097 680 animi,
1116 622 1195 665 unus
1218 607 1351 666 mibi'tu

258 715 356 776 instar
370 712 509 790 millium,
524 713 620 774 instar
630 714 765 774 omnium
780 715 892 775 merito
905 713 996 776 fores.
1020 713 1073 774 Sin
1088 731 1165 774 vero
1180 712 1353 795 reprehen-

259 821 312 898 dis,
333 843 396 884 nou
419 823 568 884 continuo
580 819 683 883 lusisse
701 843 751 884 me
771 843 899 903 operam
913 828 967 882 eut
987 821 1078 903 plene
1101 823 1183 883 votis
1205 821 1352 883 excidisse

261 928 418 992 iudicabo.
461 929 510 992 Ab
532 929 685 992 irretorte
704 930 814 992 mentis
838 929 888 1006 vi,
912 930 951 990 eb
975 930 1110 1012 aquilina
1133 929 1353 1010 intelligentiae

261 1039 311 1098 illo
335 1049 405 1098 tuae
425 1037 514 1112 acie,
539 1035 590 1096 cui
612 1037 717 1097 fucum
739 1035 843 1096 nullus
862 1036 952 1097 color
973 1037 1093 1114 fucere,
1115 1036 1250 1098 pullusc
1272 1057 1352 1117 pro.

261 1147 336 1207 bare
358 1145 485 1206 mendax
506 1144 627 1226 gratie,
649 1142 733 1204 nulla
761 1145 885 1225 plaeere
914 1143 972 1204 uisi
1002 1147 1072 1206 vive
1093 1147 1259 1226 nativaque
1281 1143 1354 1224 pul·

260 1251 406 1314 chritudo
428 1261 552 1334 potest,
576 1251 615 1314 ed
641 1252 935 1333 indulgentissimum
953 1253 1148 1314 clementiam
1168 1250 1353 1334 benignissi-

259 1382 327 1424 mae
358 1361 654 1443 humanissimaeque
680 1361 849 1423 voluntatis
878 1383 928 1422 me
952 1362 1118 1443 recipinm3
1139 1361 1247 1443 ibique
1266 1360 1353 1443 asylo

260 1479 345 1531 tutus
373 1469 543 1532 certissimo
573 1489 657 1550 spem
679 1469 711 1528 in
732 1471 802 1530 sinu
828 1467 949 1531 dulcem
972 1470 1070 1545 elom,
1101 1470 1168 1530 sore
1202 1479 1238 1530 ut
1264 1467 1356 1530 veuiu

261 1576 427 1638 consoleris
451 1575 534 1660 quod
550 1577 743 1638 remunerari
766 1576 857 1639 laude
876 1577 975 1638 minus
996 1584 1102 1658 potes;
1122 1586 1154 1638 et
1177 1583 1260 1636 trans
1277 1573 1356 1636 vitiu

261 1685 435 1746 ineruditae
453 1705 572 1758 munus,
596 1685 738 1746 benevoli
753 1688 889 1766 pectoris
911 1684 1014 1776 officio
1029 1683 1134 1766 agnito
1157 1704 1214 1744 uec
1234 1689 1355 1764 spreto,

262 1791 482 1875 quodcumque
504 1792 567 1854 hoc
588 1800 634 1854 est
656 1793 795 1875 quamvis
819 1791 937 1873 illepidi
962 1790 1144 1868 munusculi,
1164 1811 1354 1854 mouumen-

262 1907 329 1959 tum
350 1908 510 1960 eetcrnum
532 1921 593 1962 esse
616 1900 742 1982 patieris
760 1900 824 1961 cius
846 1900 1061 1960 observantiae
1081 1920 1119 1960 ec
1142 1898 1354 1962 venerationis

265 2029 328 2089 qua
349 2016 381 2070 te
401 2027 519 2070 summa
540 2007 758 2090 verissimaque
778 2007 998 2090 prosequitur,

449 2145 703 2188 sunusrussS.
735 2142 1015 2185 surutuuutus
1046 2141 1170 2196 ΗΑΒ,

384 2259 559 2322 Scribebam
583 2260 712 2321 Tolosae
731 2256 785 2317 lll.
805 2255 935 2318 Kalend·

351 2375 502 2460 Quintiles
522 2395 601 2439 armo
625 2371 873 2471 ClDlDCXLlL

672 2522 884 2589 Deditissimus
907 2522 1030 2585 Persius
1062 2520 1212 2584 Possums

775 2639 972 2705 eSoeietate
993 2642 1071 2703 lesu.
1132 2712 1138 2723 ,

592 3286 1027 3367 tuerent

723 3476 912 3487 ..ι-..ι-

268 3596 350 3691 Nec
377 3625 472 3687 miror
497 3649 552 3691 nec
583 3632 723 3693 aemulor
753 3644 869 3693 mature
897 3628 1028 3693 disertos
1048 3629 1118 3691 illos
1137 3628 1190 3711 qui
1209 3626 1303 3688 libros
1325 3626 1360 3686 in

267 3730 413 3795 librorum
432 3734 591 3817 principiis
605 3738 750 3813 suriunt,
771 3748 802 3795 et
832 3736 1012 3797 inexhausta
1029 3734 1360 3817 loquacitateProoe·

269 3840 397 3901 mierum
426 3840 528 3901 sedulo
548 3842 583 3902 id
601 3856 700 3923 agunt,
722 3854 755 3901 ut
771 3842 975 3928 oculillegenti
993 3842 1118 3905 doleant
1131 3844 1311 3925 pruisquam
1333 3840 1362 3899 is

264 3947 402 4027 primum
420 3945 528 4030 Operis
547 3970 667 4011 uersum
686 3948 811 4011 viderit.
852 3949 920 4031 Ego
939 3950 996 4011 tibi
1005 3993 1015 4024 ‚
1039 3951 1145 4011 Lscr
1156 3971 1222 4024 ou,
1242 3946 1362 4030 queml·

268 4074 322 4111 nus
343 4050 453 4113 statim'
456 4056 582 4133 funeris
601 4057 716 4117 tamdiu
747 4070 848 4138 optato
869 4058 1061 4135 Byzaruinae
1083 4056 1272 4119 Caesarisne
1294 4054 1362 4115 cot.

270 4160 388 4244 loquio,
417 4174 538 4225 ntorum
578 4184 671 4224 unam
703 4164 811 4225 obtuso
849 4168 932 4242 (nam
964 4164 1149 4227 Glossarlwn
1184 4164 1358 4237 Annaeum,
