2984 4800
467 261 680 326 marianis
708 266 783 326 mn.
812 267 853 328 ιι.
869 269 899 330 ο.
1162 271 1241 356 119

148 419 256 485 πάντα
289 417 392 482 idisti
422 411 611 497 γενήσεσθαι
634 412 799 478 πάντοθεν.
843 408 886 490 ώς
908 415 944 480 δέ
964 415 1122 501 δυσχερής
1145 413 1165 500 ἦ
1186 423 1242 502 τῆς

148 517 273 592 πόλεως
292 512 410 589 ἅλωσις
429 521 496 586 τοῖς
514 515 690 596 Κομνηνοῑς
708 515 930 598 κατεφαίνετο,
961 511 1011 599 (αἱ
1032 517 1073 580 δὲ,
1089 514 1240 598 δυνάμεις

148 621 189 684 tx
207 615 374 701 διαφόρων
394 611 520 691 ξενικῶν
533 633 568 676 τε
583 609 640 677 καί
656 612 822 697 ἐγχωρίων
841 613 1058 698 συνελέγοντο·
1101 607 1180 678 ὅπου
1203 617 1268 682 iic

147 713 280 800 wirpivit
300 712 473 800 διάφορος,
503 712 572 775 ἐκεῖ
585 715 641 776 καί
671 709 784 796 τὸτῆς
811 711 935 798 γνώμης
970 712 1125 798 διάφορον
1145 738 1241 778 κατα.

116 817 333 901 5φαι’νεται,>
353 813 478 895 βλέπων
508 810 527 874 ά
547 809 582 876 τά
605 814 674 876 νέον
708 808 883 887 ἐνδεδυκώς
903 813 1029 878 πέδιλον
1045 807 1184 890 Ἀλέξιος
1204 803 1258 880 τά.

148 913 335 980 δυσάλωτον
367 912 425 998 τῆς
443 907 564 986 πόλεως
593 914 650 976 καί
677 908 712 976 τά
735 914 800 976 τών
826 913 1028 994 στρατιωτῶν
1048 915 1243 996 παλίμβολον

147 1011 369 1092 άποτοπάζων,
390 1013 436 1086 εἰς
455 1003 566 1095 ἑτέραν
583 1008 736 1093 ἐτράπετο
757 1009 907 1096 γνώμην,
930 1011 984 1077 ἵνα
1002 1014 1159 1088 θωπείαις
1176 1010 1244 1076 τισί

149 1115 210 1177 καί
226 1111 438 1194 ὑποσχέσεσιν
467 1105 741 1194 άποποιησάμενός
769 1133 855 1186 τινας
874 1110 936 1176 τών
955 1109 1179 1198 φολαττάιςτων
1198 1109 1240 1178 τά

148 1214 244 1295 τείχη
265 1213 320 1276 καί
337 1211 457 1292 κλέψας
477 1207 583 1274 αάτών
601 1208 660 1292 τὴν
683 1206 826 1294 γνώμην,
847 1205 949 1286 οάτας
970 1206 1086 1300 αάρὴση
1106 1211 1165 1298 τήν
1184 1211 1243 1277 πά-

95 1317 213 1379 roien.
253 1312 357 1374 casira
377 1311 422 1374 δι’
454 1303 530 1393 ὅλης
549 1309 607 1394 τῆς
638 1307 749 1384 νοκτάς
768 1305 956 1392 μελετήσας,
982 1311 1027 1386 είς
1050 1308 1108 1394 τὴν
1126 1311 1243 1398 σκηνὴν

147 1413 209 1475 τοῦ
228 1407 377 1493 καίσαρος
397 1401 467 1489 άμα
486 1409 576 1491 πρωῒ
593 1407 817 1492 παραγίνεται,
841 1409 1043 1492 ἀπαγγέλλων
1063 1409 1103 1476 τά
1124 1433 1241 1494 σκοπη-

146 1511 249 1573 θέντα
274 1511 329 1573 καί
355 1508 454 1586 άξιών
486 1503 556 1589 άμα
587 1507 797 1586 οονέψαοθαί
820 1504 851 1572 οἱ
870 1507 926 1573 καί
944 1511 1179 1596 κατασκοπῆσαι
1197 1503 1242 1575 τά

145 1610 240 1690 τείχη
258 1606 314 1671 καί
333 1604 392 1682 τάς
417 1601 562 1685 ἐπάλξεις
587 1600 813 1693 άναθεαρῆσαι
845 1605 900 1672 καί
917 1605 993 1684 τοάς
1022 1603 1272 1695 φυλάρσονταςῦ

146 1700 248 1790 (ἦσαν
266 1702 329 1790 γάρ
350 1705 386 1769 ia
409 1699 589 1792 διαφόρων)
609 1707 666 1768 καί
688 1707 876 1787 θιαγνώναι,
896 1702 981 1783 ὅπως
1005 1709 1139 1774 δυνατόν
1155 1711 1241 1777 ἐστιν

93 1813 135 1878 ¹5
146 1805 273 1872 άλώναι
289 1801 346 1890 τὴν
364 1799 468 1869 πάλιν.
511 1799 530 1867 ά
550 1806 586 1870 di
611 1807 737 1889 βαρέως
755 1807 953 1890 τοάπίταγμα
970 1803 1100 1892 ἔφερεν,
1125 1803 1182 1873 άτε
1201 1809 1238 1875 τά

142 1902 321 1988 μοναχικάν
351 1895 440 1968 οὔπω
469 1903 578 1988 πρώην
609 1906 872 1987 περιβεβλημένος
903 1899 1040 1992 άμφίον,
1058 1903 1115 1972 καί
1132 1907 1239 1986 συνείς

143 1999 200 2068 ὅτι
219 2005 417 2090 καταγεληῖτο
445 1996 500 2067 άν·
515 1999 578 2066 άπὸ
608 2005 673 2067 τών
693 2001 768 2086 περί
793 1999 828 2068 τά
861 2012 965 2087 τεῖχος
984 2002 1162 2088 ἱσταμένων
1183 2008 1240 2073 κατ’

142 2103 205 2179 τάς
231 2101 397 2182 ἐπάλξεις,
434 2099 562 2176 εἰκότως
589 2099 646 2166 τάν
684 2097 884 2184 πλησιασμόν
925 2105 989 2168 τών
1026 2105 1139 2185 τειχάν
1167 2107 1239 2171 άνε·

144 2202 248 2268 deiero.
315 2195 392 2287 ὅπερ
418 2199 475 2266 καί
501 2200 667 2266 πέπονθεν.
716 2194 761 2275 uic
788 2198 848 2284 γάρ
870 2203 1019 2282 βιασθείς
1047 2205 1093 2291 τῷ
1108 2201 1236 2291 Ἀλεξίηι

91 2296 427 2385 αοσονηκολοάθηκεν,
450 2297 553 2376 εάθάς
577 2296 676 2364 αὐτὸν
692 2296 754 2362 α’πά
774 2303 836 2365 τών
850 2305 965 2382 τειχῶν
988 2295 1160 2385 ἑωρακότες
1180 2301 1314 2367 ariston

141 2400 251 2484 α’ββάν
278 2400 359 2483 μετά
379 2422 463 2476 τινος
490 2396 674 2483 προσθήκης
702 2396 888 2484 ὑβριστικῆς
919 2398 1118 2478 θιετώθοζον.
1160 2395 1178 2465 ὃ
1200 2404 1236 2469 di

214 2602 241 2638 ο.
262 2585 294 2640 di
311 2606 318 2637 ε
336 2602 372 2637 an
385 2580 462 2659 yde?
533 2588 558 2638 5.
577 2583 761 2659 ἐνδεδυμένος
781 2582 819 2649 G,
833 2579 987 2657 ἐμβεβηκώς
1003 2586 1034 2637 λ.
1090 2602 1129 2641 ιο.
1147 2584 1234 2643 ταῦτα

213 2657 247 2711 di
264 2654 492 2721 impune.
517 2659 566 2708 καὶ
584 2648 617 2721 δὴ
636 2656 672 2709 δι’
692 2652 756 2720 ὅλης
774 2655 805 2706 λ.
923 2656 969 2722 τῆς
986 2654 1048 2707 add.
1064 2658 1094 2709 λ.
1194 2674 1232 2710 ra.
1294 2654 1300 2665 “

213 2731 394 2797 uersurum
408 2728 439 2779 Δ.
513 2730 551 2777 ιδ.
567 2723 601 2778 ori
618 2726 694 2780 πάνυ
711 2724 811 2797 πρώην
827 2724 857 2779 λ.
908 2728 1072 2799 βεβλημένος
1088 2728 1118 2781 λ.
1194 2731 1232 2781 18.

211 2791 266 2855 τὸν
282 2812 335 2849 orn
353 2796 386 2849 G.
474 2810 517 2849 οι.
538 2794 612 2865 ἀράν
628 2798 659 2849 Δ.

139 2948 300 3004 abdicando
323 2949 496 3002 abhorrebat.
518 2966 574 3019 quo
599 2951 700 3002 factum
725 2954 780 3013 est,
804 2956 836 3003 ut
852 2949 935 3002 etiam
966 2950 1037 3002 eires
1055 2949 1233 3018 trepidarent,

142 3032 175 3074 et
190 3022 343 3091 expugnari
362 3022 453 3073 omnia
470 3021 593 3089 undique
611 3037 692 3090 posse
710 3020 876 3071 viderentur.
897 3028 927 3072 nt
944 3018 1086 3071 Comnenis
1107 3038 1167 3072 cum
1188 3040 1234 3073 ur-

141 3093 208 3143 bem
225 3092 254 3143 ri
272 3108 368 3161 capere
398 3090 589 3143 difficillimum
613 3090 766 3152 rideretur,
783 3092 857 3157 (unm
881 3091 976 3161 copiae
995 3106 1087 3141 eorum
1106 3107 1139 3141 ex
1158 3094 1233 3143 omni

140 3180 243 3231 genere
260 3162 463 3232 peregrinorum
481 3178 568 3231 aeque
591 3168 674 3229 atque
699 3160 888 3228 indigenarum
918 3160 1048 3213 collectae
1074 3168 1165 3224 erant3
1184 3160 1232 3211 ubi

141 3242 236 3285 antem
252 3231 403 3285 multitudo
424 3233 499 3285 varia
518 3242 579 3295 est,
609 3232 648 3282 ibi
665 3232 741 3283 varin
759 3232 840 3283 etiam
865 3240 997 3300 apparent
1013 3229 1122 3303 studia)
1138 3232 1230 3299 itaque

141 3322 205 3355 cum
219 3303 347 3368 Aietius,
363 3320 450 3356 novus
470 3306 634 3373 imperator,
650 3302 745 3353 urbem
764 3300 837 3353 haud
852 3302 932 3353 facile
950 3302 1009 3371 copi
1028 3317 1108 3370 posse
1125 3301 1231 3352 intelli-

139 3383 219 3443 geret
235 3382 267 3426 et
283 3375 402 3425 militum
426 3374 634 3427 inconstantiam
650 3374 868 3443 pertimesceret,
884 3373 998 3424 consilio
1013 3378 1132 3433 nruttto,
1149 3371 1232 3423 blan.

141 3446 220 3501 ditiis
247 3461 281 3496 ae
310 3444 451 3515 promissis
474 3444 622 3497 nonnullos
645 3460 680 3495 ex
698 3444 750 3508 iis,
776 3444 823 3513 qui
841 3444 948 3495 moenia
965 3440 1158 3505 defenderent,
1177 3443 1231 3493 sibi

141 3516 290 3569 conciliare
310 3531 458 3584 eorumque
481 3515 651 3567 voluntatem
668 3515 745 3583 quasi
767 3513 850 3565 iurari
868 3515 974 3579 stntnit3
995 3529 1109 3583 quorum
1127 3513 1230 3565 auxilio

141 3585 240 3637 urbem
259 3593 376 3654 caperet.
404 3583 478 3654 quod
502 3603 561 3638 cnm
581 3593 638 3637 tota
666 3592 747 3637 nocte
765 3586 854 3637 animo
880 3592 1028 3647 vernasset,
1046 3584 1131 3651 primo
1151 3600 1230 3637 mane

140 3657 175 3707 in
190 3657 313 3708 Caesaris
330 3657 479 3709 tentorium
501 3674 531 3707 se
547 3656 671 3719 confert,
692 3656 834 3708 consilium
853 3672 914 3707 cum
934 3672 966 3705 eo
984 3654 1164 3706 communicat
1182 3670 1228 3706 το-

139 3736 265 3796 gatque,
287 3736 319 3778 ut
340 3727 449 3777 moenia
475 3735 504 3777 et
524 3727 726 3796 propugnacula
754 3742 900 3795 eorumque
924 3725 1064 3786 custodes,
1088 3725 1136 3793 qui
1162 3727 1230 3776 varii

140 3808 224 3850 crant
243 3798 368 3866 generis,
384 3814 474 3848 secum
493 3799 659 3865 exploratum
676 3797 730 3847 iret
747 3804 776 3848 et
794 3795 930 3866 quomodo
948 3794 1013 3846 urbe
1032 3796 1112 3863 potiri
1130 3804 1230 3865 posset,

137 3869 338 3936 specularetur.
356 3868 405 3920 sed
425 3868 449 3917 is
468 3884 547 3935 aegre
565 3866 662 3919 adduci
678 3874 796 3935 poterat.
815 3884 873 3920 cum
892 3867 964 3918 enirn
982 3864 1108 3917 monachi
1127 3874 1231 3917 vestem

137 3938 216 3990 band
229 3939 269 3990 ito
282 3938 388 4009 pridem
399 3938 546 4002 induisset,
560 3938 658 3989 merito
667 3937 820 4003 verebatur,
839 3954 874 3989 ne
886 3939 909 3989 si
919 3936 1063 3989 moenibus
1080 3935 1230 3998 accederet,

137 4009 209 4061 risui
235 4018 310 4063 esset
324 4009 371 4070 iis,
399 4009 448 4078 qui
471 4010 500 4060 in
524 4024 602 4060 muro
619 4008 794 4077 turribusque
812 4006 997 4061 consisterent.
1016 4024 1106 4077 neque
1123 4006 1151 4057 id
1169 4022 1230 4057 eum

136 4080 253 4133 fefellit.
270 4097 330 4131 cnm
348 4081 420 4133 enirn
432 4081 534 4133 insitus
553 4079 677 4131 Aleniusu
697 4086 806 4130 secutus
823 4086 909 4143 esset,
926 4080 1017 4131 statim
1032 4094 1096 4131 cons
1116 4077 1181 4128 icatl
1197 4092 1231 4129 ex

136 4168 233 4215 muro,
262 4158 370 4220 patrem
393 4167 457 4203 eura
483 4149 623 4203 irridendo
655 4148 827 4215 salutabant,
858 4148 1004 4221 opprobrio
1036 4095 1153 4219 quodam
1181 4146 1231 4199 ed·
