2984 4800
363 262 483 324 PETRI
513 259 669 328 POSSlNl
706 258 942 324 nuutctrto.
1101 267 1199 329 XXXl

116 414 313 478 contenderat
335 426 440 476 omnes
461 435 573 478 nervos
593 412 765 476 industriae
786 412 817 474 in
837 412 1074 478 elaonbratione
1096 418 1201 500 operis

117 525 248 608 ingentis,
271 522 303 583 in
327 544 392 608 qao
409 521 557 584 decorum
578 522 711 584 istorum
733 521 873 583 omnium
889 521 1016 606 insignia
1034 525 1202 606 specimina

116 641 266 694 extarent:
293 629 448 692 Historiae
470 629 613 692 videlicet
636 652 744 692 rerum
774 629 870 713 longo
893 630 994 692 Patris
1012 632 1058 692 sni
1079 633 1201 715 princi.

117 749 185 822 patu
207 739 410 800 maximarum
435 761 470 800 ae
489 738 569 802 mire
589 737 750 800 variarum
772 748 858 800 terra
880 739 1023 823 marique
1047 750 1114 802 tota
1136 742 1202 802 lere

116 849 179 910 Asia
192 847 387 932 Europaqne
410 857 583 932 gestarum:
604 868 679 932 quas
703 847 930 908 accuratissima
945 848 1135 910 collectionis
1155 849 1203 910 di·
1295 851 1299 856 ’

116 954 242 1038 igentia,
265 977 324 1017 nec
342 955 443 1016 minus
465 956 541 1017 scita
563 953 774 1038 descriptione
797 955 927 1032 ordinis,
950 965 1044 1040 atque
1069 957 1203 1040 explica.

77 1052 82 1066 ,
116 1063 199 1126 donis
221 1075 336 1126 ornatu
365 1065 537 1145 complexa,
558 1062 649 1126 simul
679 1064 842 1148 praeclare
864 1087 882 1124 a
901 1086 933 1126 se
955 1064 1130 1128 consultam
1148 1089 1203 1128 re-

115 1172 202 1234 batur
222 1172 393 1234 rationibus
414 1171 544 1254 publicis
565 1179 669 1234 tantae
690 1172 832 1234 utilitatis
855 1172 939 1235 libro
960 1172 1135 1257 vulgando,
1156 1176 1201 1236 si.

115 1279 174 1340 mul
195 1281 331 1362 privatas
361 1301 428 1361 spes
460 1281 559 1342 laurae
587 1301 623 1342 ae
655 1281 825 1343 memoriae
853 1281 1010 1364 perennis,
1040 1302 1115 1364 quas
1139 1282 1202 1364 isto
1312 1273 1318 1286 ’

117 1387 229 1470 pietatis
258 1387 370 1450 eodem
401 1389 618 1471 facultatisque
645 1409 718 1451 suae
749 1389 955 1472 consignasset
986 1400 1204 1467 monumento,

118 1516 175 1556 non
205 1496 286 1559 male
319 1498 501 1560 constitutas
533 1499 764 1581 gratulabatur.
816 1498 983 1560 Caeterum
1015 1521 1109 1581 quam
1128 1521 1204 1562 vere

118 1605 185 1666 illud
207 1605 284 1668 olim
304 1606 457 1688 scriptum
486 1606 665 1690 aquodam
682 1607 741 1670 sit:
778 1609 977 1692 Quantnmnis
999 1607 1088 1668 docta
1105 1607 1203 1668 diser-

119 1725 197 1795 toque
218 1735 316 1799 opera
333 1715 434 1776 blattis
457 1716 553 1776 nitito
575 1717 668 1776 settin
685 1716 831 1776 actiacis
853 1717 959 1798 epulas
979 1712 1115 1792 datura,
1145 1715 1206 1774 nesi

115 1825 228 1902 potentis
250 1837 283 1886 et
301 1823 423 1906 beutignt'
439 1823 533 1884 Genii
544 1821 660 1903 efficaci
670 1824 864 1907 providentia
879 1837 1031 1884 aureatam:
1055 1845 1118 1884 non
1142 1822 1204 1886 alio

118 1929 212 1990 melius
233 1932 388 2014 exemplo,
411 1953 505 2014 quam
524 1929 614 1992 huius
629 1931 717 1992 Libri
738 1932 850 1993 misera
871 1939 904 1992 et
923 1930 1113 1994 lamentabili
1134 1931 1204 1991 sor-

118 2043 183 2100 tnna
202 2041 445 2122 comprobatum
469 2050 523 2104 est.
565 2039 642 2100 Tam
671 2047 800 2102 venusto
823 2041 847 2102 is
870 2039 997 2122 quidem
1018 2038 1205 2101 elocutionis

119 2144 187 2208 llore
206 2155 352 2230 comptus
374 2158 449 2209 ortu
471 2148 538 2230 ipso
561 2147 663 2230 primo
686 2146 822 2230 prodiit,
844 2154 880 2206 nt
901 2146 927 2208 si
945 2145 1071 2208 fabellas
1092 2156 1125 2208 et
1147 2168 1205 2206 nn·

118 2273 160 2334 gas
179 2278 278 2318 meras
303 2256 360 2316 ista
381 2256 531 2338 elegantia
553 2253 689 2338 garriret
711 2253 847 2331 aniliter,
871 2262 988 2316 ornatu
1002 2254 1068 2329 solo
1089 2253 1203 2315 dictio-

119 2363 156 2423 nis
174 2361 366 2427 honoratum
389 2364 471 2427 inter
486 2362 663 2445 Scriptores
678 2363 800 2425 Atticos
821 2362 915 2447 primi
937 2362 1072 2424 subsellii
1095 2362 1205 2425 eblan.

121 2468 228 2533 diturus
250 2471 314 2533 sibi
334 2472 427 2533 facile
453 2472 559 2533 locum
588 2472 694 2535 luerit.
745 2492 851 2533 rursus
874 2482 937 2531 tam
958 2492 1054 2555 grave
1077 2480 1206 2555 tamque

119 2579 185 2639 scitu
206 2582 425 2661 neeessariam,
449 2579 503 2643 tali
524 2578 733 2663 dispositionis
754 2590 833 2658 arte,
853 2588 1004 2664 tantaque
1023 2578 1207 2641 maturitate

120 2687 211 2751 indicii
231 2701 452 2773 argumentum
482 2689 615 2773 explicat
636 2711 672 2751 ae
702 2687 829 2771 digerit,
849 2690 929 2749 atsi
949 2688 1134 2773 loqueretur
1154 2688 1205 2749 in.

121 2798 331 2881 quinatissime‚
355 2808 456 2861 tamen
471 2796 638 2880 splendore
658 2816 803 2859 sensuum
817 2796 953 2859 illuviem
973 2798 1153 2875 verborum,
1174 2804 1207 2857 et

119 2902 252 2969 bistoriae
273 2928 341 2969 non
370 2906 444 2967 alibi
474 2915 620 2967 narratae
650 2903 850 2987 praestantia,
870 2902 970 2965 labem
990 2904 1145 2967 barbarae
1167 2924 1205 2965 ac

118 3011 311 3079 balbutientis
334 3014 486 3077 orationis
504 3023 605 3097 posset
626 3012 788 3097 redimere
838 3013 1001 3075 Postremo
1026 3013 1113 3097 qnod
1133 3036 1206 3075 mn·

118 3120 214 3185 lienem
235 3122 433 3207 eandemque
453 3124 485 3183 in
506 3142 602 3205 regno
627 3132 730 3183 natam
752 3142 788 3183 ne
809 3122 961 3183 nutritam
980 3122 1093 3204 Operis
1118 3119 1206 3202 spissi

118 3232 284 3317 prolixique
315 3233 409 3294 luisse
443 3238 586 3295 autorem
618 3237 758 3308 constat,
794 3252 841 3292 res
876 3239 922 3291 est
947 3231 1092 3312 profecto
1123 3229 1204 3289 eius-

120 3341 195 3401 nodi
216 3363 299 3425 quae
312 3339 489 3423 scriptioni
522 3360 580 3401 nee
602 3338 673 3422 styli
704 3338 823 3421 alioqui
845 3358 902 3399 nec
922 3337 1071 3398 materiae
1091 3356 1206 3419 genere

119 3447 285 3529 tolerabili,
313 3450 448 3513 raritate
475 3448 540 3532 ipsa
562 3455 594 3511 et
621 3446 863 3508 admirabilitate
882 3444 1052 3527 scriptricis
1070 3443 1206 3525 Reginae

121 3560 247 3637 pretinm
269 3557 357 3643 apud
386 3578 501 3643 aequos
530 3555 741 3621 aestimatores
773 3574 880 3615 rerum
912 3551 1037 3615 abunde
1059 3572 1207 3633 magnum

121 3669 314 3731 conciliatura
334 3666 514 3740 rideretur;
546 3672 581 3725 nt
603 3685 663 3725 non
693 3663 770 3724 ferri
791 3660 892 3725 solum
911 3668 943 3723 et
965 3659 1025 3744 legi
1047 3660 1100 3723 sed
1121 3659 1206 3723 cele-

120 3772 195 3839 brari
225 3775 323 3841 etiam
345 3786 439 3859 atque
471 3773 573 3857 expeti
602 3773 670 3833 iure
698 3770 836 3833 deberet
876 3770 920 3832 Et
942 3776 1064 3831 tamen:
1087 3768 1116 3829 Ο
1137 3790 1207 3831 rem

123 3884 263 3948 miramne
281 3884 380 3967 magis
403 3883 502 3945 dicam
519 3904 558 3943 an
580 3878 739 3942 miseram!
764 3887 865 3941 tamon
888 3878 939 3940 ille
959 3887 1009 3940 tot
1029 3876 1206 3956 nominibus

119 3988 279 4055 adamam
301 4000 398 4075 atque
419 3991 458 4058 ad
471 3987 683 4053 celebritatem
695 3985 927 4070 commendatos
947 3985 1051 4061 Liber,
1071 3994 1205 4065 spretus,
1236 3990 1251 4013 ’

121 4098 256 4181 abiectus,
279 4102 424 4183 neglectu
452 4098 592 4161 omnium
625 4096 757 4159 obrutus
779 4096 865 4201 annis
891 4092 1066 4178 quingentis
1087 4092 1119 4153 in
1144 4093 1205 4153 situ
