2984 4800
486 239 699 336 mmrsms
726 269 804 332 mr.
836 270 864 332 r.
891 267 924 339 τ.
1178 235 1255 350 39'

157 422 247 508 aad)
268 420 368 506 μέχρι
386 419 443 506 τῆς
466 423 530 485 τόν
544 421 713 486 Θετταλῶν
733 418 854 494 πόλεως
876 410 931 503 ἧκε
950 417 1054 484 πάντα
1072 439 1240 500 καταστρε-

155 518 319 602 ψάμενος,
355 516 454 596 ου’τός
486 513 600 584 ἔαυτόν
623 518 678 584 καί
703 517 929 603 χειροτονήσας
961 519 1008 593 τίς
1034 519 1168 600 βασιλέα
1187 516 1243 581 καί

157 617 349 704 εόφημὴσας
369 625 427 685 καί
443 618 499 684 τόν
513 617 654 703 πλάνητα
666 617 781 683 τοότου
794 615 928 704 στρατόν
942 612 1013 682 όποι
1033 620 1089 682 καί
1097 614 1241 699 βοόλσιτυ

156 721 359 804 μεταφέρων.
409 709 450 803 ἦν
474 716 535 804 γάρ
565 716 622 783 καί
650 712 753 792 άλλως
776 719 835 798 μὲν
857 713 1136 798 θαυμαζόμενοςό
1159 713 1290 799 α’νὴρο,

128 819 217 888 δὲπί
231 839 266 882 τε
285 820 414 901 μεγέθει
436 817 582 897 στόματος
602 816 657 880 καί
678 813 787 901 κράτει
806 813 986 900 βραχιόνων
997 817 1052 879 κατ’
1070 815 1241 900 προσώπου

156 916 341 1000 σεμνότητι,
373 909 420 991 οἷς
453 921 573 998 μᾶλλον
602 916 763 980 άλίσκεται
789 913 825 980 τό
856 911 1035 998 α’γροικικόν
1066 917 1161 978 τοότσ
1188 915 1245 977 καί

155 1011 382 1098 στρατιωτικόν
402 1013 504 1091 ἔθνος.
546 1013 583 1082 nai
603 1013 664 1097 γάρ
685 1016 779 1101 διορᾷ
803 1017 849 1088 είς
867 1011 994 1096 ψυχήν,
1015 1015 1085 1077 ου’δ’
1104 1015 1243 1078 ἕνατενί-

158 1113 207 1190 ζει
227 1109 308 1196 πρός
329 1113 454 1198 α’ρετὴν,
474 1111 557 1177 α’λλά
580 1117 678 1196 μέχρι
697 1117 761 1178 τῶν
778 1111 995 1191 τοῦσώματος
1013 1113 1134 1194 α’ρετοόν
1153 1111 1243 1174 ἵστα·

157 1235 230 1294 τοι,
265 1211 387 1292 τόλμαν
415 1214 471 1276 καί
499 1211 607 1298 ῥώμην
636 1215 690 1274 καί
712 1209 827 1294 δρόμον
850 1209 906 1274 καί
923 1211 1056 1293 μέγεθος
1076 1205 1245 1290 θαυμάζον

113 1311 215 1380 rossus*
234 1314 333 1375 ταῦτα
356 1319 461 1394 κρῖνον
482 1305 558 1386 άξια
579 1305 764 1393 ἁλουργίδας
778 1308 834 1374 κατ’
851 1308 1054 1393 διαδήματος.
1095 1306 1112 1373 ό
1136 1307 1248 1372 δὲκαὶ

156 1411 259 1474 ταῦτα
279 1407 362 1492 ἔχων
380 1409 437 1474 adra
468 1411 597 1493 όγεννῆ,
627 1407 683 1473 καί
709 1405 767 1492 την
786 1406 898 1494 ψυχήν
920 1403 1006 1490 εἶχεν
1026 1409 1174 1494 α’νδρείαν
1192 1407 1249 1470 καί

158 1503 416 1592 ἀκατάπληκτον·
467 1511 524 1573 καί
547 1503 626 1583 ὅλως
646 1500 738 1583 οὗτος
759 1505 776 1577 ό,
796 1504 992 1584 Βασιλάκισς
1011 1502 1196 1591 τυραννικόν
1213 1529 1248 1570 τι

158 1607 215 1670 κατ’
231 1605 318 1669 ἔπνει
338 1610 394 1671 καί
423 1605 544 1689 ἕβλεπε.
594 1612 777 1694 φθέγματι
808 1605 870 1690 γάρ
892 1606 976 1693 αότῷ
998 1605 1171 1688 βροντοόδες
1192 1605 1249 1669 κατ’

157 1697 227 1769 οἷον
238 1711 434 1790 καταπλῆξαι
448 1706 598 1791 στρατιάν
617 1701 705 1792 ὅλην,
727 1706 784 1770 καί
796 1703 943 1789 ε’μβόημα
957 1703 1063 1769 ἱκανόν
1080 1710 1246 1770 συστεῖλαι

115 1808 269 1888 τδψυχῆς
287 1801 423 1889 θράσος.
450 1809 505 1871 κοί
524 1796 649 1888 ἄμαχος
670 1809 705 1870 ἐν
726 1803 829 1889 λόγοις
847 1807 959 1888 ἐπίσης
979 1805 1149 1889 ε’πιχειραῖν
1168 1805 1277 1868 διιεῖ-1)

159 1905 221 1990 ραί
237 1927 271 1968 τε
291 1907 346 1969 καί
365 1911 531 1970 συστεῖλαι
550 1902 605 1969 τόν
627 1904 822 1989 στρατιώτην
834 1907 879 1979 εἰς
894 1902 1030 1985 πόλεμον
1054 1902 1109 1966 καί
1128 1899 1243 1988 φυγήν.

158 2004 241 2086 μετά
271 2003 422 2070 τοιούτων
452 2003 727 2088 πλεονεκτημάτων
758 2001 1010 2085 στρατευόμενος
1044 1997 1062 2063 ό
1094 1997 1172 2084 ἀνὴρ
1191 2003 1248 2063 καί

159 2104 236 2186 περί
255 2103 354 2168 αότὸν
390 2101 618 2184 συλλεξάμενος
649 2095 775 2182 όμαχον
802 2103 967 2184 στρατιάν,
998 2100 1056 2182 τήν
1081 2101 1247 2163 Θετταλάν
1313 2092 1318 2109 ’

160 2205 254 2266 πόλιν
280 2201 533 2284 καταλαμβάνει,
562 2197 708 2280 καθάπερ
731 2200 859 2284 ἔφημεν.
901 2197 919 2262 ό
943 2201 979 2263 δέ
989 2221 1025 2280 γε
1045 2197 1121 2278 ε’μός
1140 2194 1244 2278 πατὴρ

114 2298 179 2365 aad
207 2299 372 2384 Κορινηνός
402 2301 538 2377 Ἀλέξιος
567 2295 609 2372 ὥς
640 2297 718 2380 πρός
751 2303 890 2380 Τυφῶνα
918 2300 1017 2378 μέγαν
1036 2291 1057 2380 ἢ
1075 2291 1245 2359 ἑκατοντά.

159 2422 255 2483 χειρα
265 2402 296 2464 Γ
294 2400 405 2481 ίγαντα
420 2393 750 2480 ἀντιπαραταξάμενος
771 2395 825 2459 καί
841 2398 947 2460 πᾶσαν
960 2393 1064 2483 ἑαυτῷ
1083 2391 1246 2477 όνεγείρας

160 2496 375 2581 στρατηγικὴν
408 2496 555 2583 μηχανήν
576 2500 631 2559 καί
652 2496 797 2582 φρόνημα
817 2504 960 2577 γενναῖον
990 2494 1033 2570 τός
1059 2497 1139 2577 πρὸς
1160 2492 1246 2557 όντί-
1275 2539 1278 2544 ·

238 2714 258 2750 r.
278 2692 343 2763 ἦλθε
361 2697 390 2749 Α.
461 2712 504 2749 ar.
523 2694 677 2769 άναγελρτις
695 2702 724 2749 ll.
794 2714 838 2749 aa.
860 2691 1058 2770 capuanensis
1077 2700 1107 2752 Α.

164 2869 281 2922 saiorum
298 2866 391 2919 urbem
411 2867 505 2925 omnia,
518 2867 547 2919 in
570 2874 732 2937 potestatem
758 2867 870 2936 redigit,
897 2884 914 2919 a
936 2876 1022 2919 semet
1046 2868 1115 2937 ipso·
1131 2869 1247 2937 impera-

164 2948 208 2992 tor
234 2948 263 2990 et
287 2946 392 2988 creatus
418 2946 446 2990 et
471 2938 638 2989 acclamatus.
662 2939 764 2990 milites
784 2939 910 3005 Bryennii
924 2939 984 2991 sine
1003 2937 1072 2989 duce
1088 2939 1245 2993 oberrantes

166 3024 243 3071 eum,
262 3022 426 3077 quocunque
443 3009 540 3071 vellet,
557 3008 753 3078 sequebantur,
779 3026 839 3060 cum
858 3010 940 3060 etiam
957 3010 1115 3077 ceteroquin
1133 3004 1167 3059 ob
1186 3027 1247 3061 cor·

164 3081 239 3150 poris
256 3076 471 3147 magnitudinem
489 3087 517 3130 et
534 3078 693 3130 lacertorum
720 3079 801 3130 robur
819 3087 848 3130 et
865 3080 919 3131 oris
937 3078 1094 3149 dignitatern
1114 3080 1142 3129 in
1160 3080 1247 3130 maxi-

164 3166 208 3201 ma
227 3147 405 3200 admiratione
434 3156 514 3201 earet.
537 3148 580 3200 his
608 3151 679 3201 enim
707 3148 786 3200 rebus
807 3158 923 3218 agrestes
938 3160 967 3202 et
983 3150 1107 3201 bellicosi
1126 3148 1248 3203 homines

164 3221 249 3288 magis
270 3220 428 3289 capiuntur:
452 3236 513 3271 nam
532 3218 565 3270 ad
584 3221 702 3271 animum
719 3236 775 3271 non
793 3228 954 3289 penetrant,
971 3236 1063 3289 neque
1078 3220 1186 3271 uirtutis
1205 3236 1248 3270 ra-

163 3292 269 3343 tionem
290 3289 411 3353 habent,
430 3289 478 3342 sed
503 3290 533 3341 in
554 3291 673 3359 corporis
693 3292 858 3361 praestantia
876 3291 1072 3352 subsistentes,
1090 3289 1249 3353 andaciam,

165 3360 266 3423 robur,
287 3360 475 3423 celeritatem,
499 3360 711 3429 magnitudinem
730 3360 896 3413 admirantur
913 3378 1014 3432 easque
1033 3360 1110 3411 dotes
1129 3376 1250 3429 purpura

165 3448 197 3482 ac
213 3431 368 3483 diademate
389 3430 484 3499 dignas
502 3430 630 3483 indicant.
649 3430 742 3483 atille
760 3449 815 3483 non
836 3433 924 3484 solum
940 3432 983 3483 his
1000 3429 1144 3482 virtutibus
1158 3431 1250 3481 encel-

166 3501 249 3565 lebal,
267 3518 360 3554 rerum
387 3502 469 3553 etiam
487 3501 552 3554 lorti
570 3511 598 3554 et
621 3500 758 3571 intrepido
783 3504 873 3554 animo
899 3510 958 3555 erat
973 3500 1121 3572 praeditus.
1139 3502 1250 3555 omnine

166 3574 265 3641 regiam
286 3572 368 3641 plane
395 3572 511 3641 speciem
530 3572 675 3625 Basilacius
699 3589 762 3642 prae
787 3590 816 3623 se
842 3573 960 3637 serebat3
982 3588 1034 3625 vox
1059 3573 1115 3623 eius
1134 3580 1191 3623 erat
1207 3574 1250 3623 in·
1332 3618 1334 3621 ,

167 3659 232 3711 gens
252 3660 379 3714 quaeque
395 3651 483 3694 toturn
502 3644 647 3694 exercitum
669 3643 843 3713 percelleret3
869 3644 985 3695 clamore
1003 3640 1111 3694 sublato
1128 3642 1251 3694 audacis-

167 3718 262 3766 simum
288 3730 424 3786 quemque
444 3713 698 3783 perterrefaciebat,
722 3722 751 3765 et
775 3720 807 3763 nt
832 3714 860 3763 in
879 3716 969 3782 fugam
988 3713 1046 3781 ipsa
1061 3728 1129 3764 voce
1146 3722 1250 3765 vertere

168 3793 290 3853 poterut,
311 3787 350 3836 ita
372 3784 418 3835 uhi
433 3783 468 3835 ad
479 3783 654 3853 pugnandum
675 3782 821 3835 accendere
843 3784 939 3847 vellet,
960 3784 1075 3836 invictus
1088 3785 1117 3835 in
1133 3782 1250 3835 dicendo

168 3864 234 3909 erat.
252 3856 294 3908 his
320 3864 428 3907 ornatus
444 3854 591 3907 virtutibus
611 3862 639 3907 et
656 3856 769 3923 egregiis
785 3854 870 3923 copiis
887 3855 1043 3918 instructus,
1060 3854 1251 3907 Tisessalorusn

168 3927 264 3977 arbem
285 3934 417 3994 occupat,
437 3934 468 3977 ut
485 3924 608 3976 diximus.
626 3926 674 3977 aed
694 3934 775 3994 pater
789 3942 863 3975 meus
882 3924 1032 3978 Comnenus
1045 3924 1156 3978 lilexius
1175 3924 1252 3976 salut
1361 3986 1364 3994 Ι

168 4012 227 4047 cuns
246 3996 381 4067 Typhone
400 4012 493 4063 magno
512 3996 556 4047 rel
571 3996 723 4048 centimano
741 3995 858 4063 Giganta
879 4005 1062 4066 pugnaturus,
1080 4012 1185 4047 ornnem
1204 4010 1252 4046 ea·

169 4068 283 4137 promsit
300 4066 446 4120 militarem
464 4064 625 4118 industriam
643 4084 674 4119 ac
700 4065 889 4118 fortitudinem
906 4083 991 4136 sequa
1007 4066 1046 4120 ita
1065 4068 1099 4116 αδ
1118 4074 1252 4118 certarnen

170 4139 291 4210 pararit,
311 4144 342 4191 nt
360 4136 505 4191 adversarii
522 4137 608 4191 virtus
628 4138 736 4209 exigere
752 4135 896 4191 rideretur.
914 4138 1036 4191 nondum
1056 4136 1137 4207 igitur
1155 4134 1253 4208 prioris
