2984 4800
266 279 424 344 xxxvttt
654 279 772 342 PETRI
802 275 955 342 Possis!

264 467 391 508 nuceriae
413 465 472 508 aon
491 445 679 510 tolerabilius
694 447 799 509 abesse
816 469 903 530 posse
926 469 1019 531 quum
1042 469 1098 511 ver
1117 447 1159 510 ab
1180 469 1273 524 anuo,
1293 451 1354 528 egit

263 555 381 616 Romae
396 574 453 635 per
472 555 585 614 litteras
603 569 631 615 et
650 568 741 616 certos
760 556 892 616 liomines
913 577 981 616 cum
1003 555 1248 618 Eminentissimo
1271 557 1353 616 Car-

264 657 366 720 diuuli
394 661 565 723 Francisto
599 661 788 736 Barbetiuo,
811 661 955 746 Principe
975 661 1123 724 iuvandis
1145 664 1252 723 litteris
1271 677 1353 741 nato,

261 777 293 826 ut
312 766 338 824 si
357 786 441 848 quem
462 760 692 847 locupletissima
711 789 767 826 sua
783 769 925 829 librorum
939 783 1070 830 ueterum
1084 784 1113 830 et
1133 771 1354 832 rarissimontm

256 893 337 958 perus
359 871 465 932 Armae
489 873 652 933 Commnae
674 874 811 935 codicem
832 875 969 952 liaberet,
984 877 1051 934 eius
1077 876 1199 958 copiam
1218 875 1262 934 ad
1284 876 1353 936 edi·

261 983 370 1042 tiouem
401 977 519 1040 Praelcs
546 981 643 1063 Regiis
672 1003 710 1044 nc
742 981 930 1042 commodare
959 994 1146 1063 gravantem.
1197 980 1290 1042 ‘Misit
1324 983 1352 1043 is

260 1089 364 1148 statim
385 1087 494 1148 libmm
515 1089 549 1148 in
568 1089 675 1150 charta
706 1091 852 1174 scriptum
881 1109 941 1148 uon
960 1091 1088 1171 antiqua
1108 1109 1210 1166 manu,
1231 1108 1287 1149 uec
1302 1087 1352 1148 iu-

259 1209 391 1274 tegrum:
421 1195 475 1254 sed
494 1190 594 1255 Lucae
616 1194 771 1256 Holstenii
800 1195 865 1256 ciri
890 1195 1061 1257 doctissimi
1080 1193 1270 1256 Barberinae
1294 1192 1353 1252 Bi.

260 1302 420 1362 ottostucae
442 1303 594 1364 circatoris
615 1303 773 1384 diligentia
796 1303 889 1362 solers
902 1300 1038 1382 fecerat,
1062 1315 1094 1362 ut
1106 1303 1175 1362 usui
1196 1322 1258 1362 esse
1274 1323 1352 1383 pcue

254 1431 314 1494 pro
334 1413 447 1491 integro
463 1424 571 1494 posset.
612 1411 647 1474 ls
668 1407 802 1470 codicem
819 1409 896 1468 luem
913 1409 1016 1468 miultis
1035 1409 1108 1468 locis
1128 1409 1263 1467 mmiltsm
1282 1427 1351 1467 cum

259 1518 323 1579 alio
347 1531 516 1602 pervetusto
537 1520 570 1578 in
589 1517 784 1594 membranis,
819 1516 997 1600 imperfecto
1030 1529 1060 1576 et
1087 1516 1153 1598 ipso
1174 1515 1351 1598 lacmsisque

257 1625 434 1700 defloratam,
457 1647 542 1712 quem
564 1638 633 1686 ame
653 1625 705 1686 lios
722 1644 839 1709 paucos
859 1645 970 1684 menses
990 1625 1025 1685 in
1040 1622 1228 1684 Bibliotheca
1242 1621 1351 1683 Medi.

256 1755 313 1794 cea
335 1735 507 1794 Florentiae
521 1734 599 1810 vidi,
622 1733 842 1792 accuratissime
855 1731 1035 1792 comulcrat:
1056 1751 1096 1792 ac
1116 1729 1189 1806 quia
1208 1729 1352 1808 uouseoe

256 1841 363 1901 iisdem
382 1843 453 1902 locis
473 1839 562 1900 anulo
582 1841 728 1924 exempla
741 1837 928 1924 deficiebant,
942 1840 1027 1899 anim
1046 1837 1172 1898 ltiatilrm
1193 1859 1235 1896 ex
1255 1836 1352 1895 altem

255 1949 428 2033 explendis,
452 1951 633 2031 nouecciguo
648 1971 700 2010 ncc
716 1971 829 2035 parum
849 1949 934 2010 nohis
943 1945 1153 2030 praedicando
1174 1944 1276 2004 labore
1295 1964 1350 2004 suo

252 2059 395 2141 proxime
420 2059 621 2140 iutegritatem
648 2059 839 2141 pemluxemt
859 2056 1060 2118 Bmlrerinum
1079 2053 1240 2128 codicem
1262 2073 1350 2137 quem

257 2165 475 2228 illustrissimus
498 2163 711 2226 Cancellarius
741 2165 789 2227 ad
807 2187 838 2225 se
863 2164 959 2224 Roma
977 2163 1148 2246 perlatum,
1165 2163 1214 2221 cui
1233 2174 1350 2220 verten-

258 2272 330 2334 dum
354 2271 466 2332 Latine
487 2272 624 2349 traderet,
643 2293 705 2334 nou
726 2272 780 2333 diu
799 2273 942 2356 quaesiit.
984 2270 1173 2350 Magnarum
1191 2280 1236 2328 est
1252 2281 1283 2328 et
1301 2289 1352 2327 m·

257 2379 360 2463 gendes
381 2381 468 2441 terris
486 2403 506 2443 a
525 2381 606 2442 coelo
622 2393 801 2464 paratorium
813 2383 962 2457 mentium,
985 2381 1067 2443 nihil
1080 2377 1226 2465 quamvis
1246 2377 1351 2439 obscu-

258 2508 324 2549 rum
338 2499 428 2570 atque
441 2486 552 2546 humus
571 2488 693 2547 nescire.
736 2486 836 2567 Igitur
852 2488 914 2549 mei
931 2508 1045 2571 quoque
1058 2489 1186 2547 nornims
1206 2484 1351 2569 quadam

259 2618 347 2680 usque
367 2596 411 2657 acl
428 2596 513 2656 istum
534 2598 648 2678 apicem
665 2596 754 2673 fhrte
772 2596 899 2679 appulsa
926 2599 1089 2671 tuentione5
1109 2616 1175 2655 cum
1192 2606 1350 2679 praeterea

174 2706 190 2717 ”
259 2716 473 2765 rnensoraretur
497 2728 543 2765 me
562 2726 683 2787 operam
709 2706 782 2765 olim
804 2707 938 2791 Quom
966 2709 1000 2769 iu
1024 2705 1193 2791 quaerendo
1217 2705 1351 2788 posuisse

263 2810 409 2871 Tolosam
436 2811 531 2871 Fabri
562 2812 689 2892 deice5
727 2814 963 2897 oolsmtutemque
993 2813 1150 2873 ostendisse
1178 2811 1352 2875 Alexiados

258 2919 509 3001 interpretandae,
526 2920 671 2999 negotium
687 2922 786 2979 statim
804 2920 906 2981 datum
919 2931 962 2980 est
973 2920 1089 2979 honesto
1108 2920 1139 2979 in
1155 2917 1263 3001 primis
1280 2918 1350 2977 ctio

257 3024 432 3087 Sebastiano
455 3028 611 3107 Crauioisy
638 3026 775 3110 officinis
801 3028 1030 3113 Typogmpniae
1050 3028 1157 3109 Regiae
1184 3025 1351 3102 Praesteto,

258 3134 395 3195 mittendi
412 3137 632 3219 quamprimum
654 3136 698 3197 ad
716 3158 764 3197 me
783 3158 881 3197 recens
902 3136 991 3195 allati
999 3135 1095 3196 Roma
1110 3133 1247 3195 Codicis.-
1267 3131 1354 3216 quod

258 3242 312 3303 ille
324 3242 393 3326 fille
412 3264 547 3319 summa,
567 3266 652 3305 mora
683 3245 767 3305 nulla
782 3245 937 3327 praestitit,
958 3242 1105 3303 adiunctus
1124 3243 1228 3303 litteris
1246 3241 1349 3325 quihus

259 3351 452 3432 significabat,
474 3366 590 3431 gratum
609 3372 671 3429 me,
692 3352 896 3434 Anrplissimo
922 3351 1109 3413 cancellario
1116 3353 1290 3432 sacomam,
1309 3350 1347 3425 si,

258 3457 341 3539 quod
352 3460 482 3541 primum
499 3472 663 3542 suppeteret
679 3460 790 3535 otium,
809 3458 842 3517 in
868 3457 1031 3519 versionem
1051 3458 1214 3521 Alexmdss
1231 3458 1350 3536 wulter-

257 3582 329 3621 tem.
370 3561 467 3623 Eram
488 3584 540 3645 ego
558 3576 618 3625 utus
637 3564 720 3625 nand
733 3584 844 3647 pamm
863 3564 991 3625 diversis
1011 3584 1163 3626 sacrarum
1182 3566 1348 3627 litterarwn

258 3669 361 3729 nudus
379 3673 547 3732 minsersus:
565 3673 739 3755 primusque
760 3673 814 3732 ille
835 3694 873 3733 ac
892 3672 1033 3734 iuvenilis
1045 3673 1141 3735 ardor
1158 3694 1268 3759 operae
1286 3694 1346 3735 na·

258 3778 377 3839 saulae
395 3778 429 3839 in
445 3780 576 3841 Graecis
595 3780 840 3863 interpretandis,
861 3792 891 3841 et
911 3793 1042 3864 tempore
1061 3782 1127 3864 ipso
1143 3793 1344 3855 consenuerat,

259 3896 289 3945 et
308 3889 502 3969 eupen'eutia
521 3890 677 3951 molestiae
709 3909 900 3975 nequaquam
919 3890 1116 3972 parisructu
1135 3901 1346 3971 compensatus

257 4014 336 4077 quac
354 3996 520 4077 pertricoso
550 4000 601 4057 isti
630 4001 746 4077 negotio
766 3999 860 4075 inest,
888 4000 1061 4077 refrixerat
1079 4020 1153 4059 sarie
1166 3998 1345 4081 plurimam.
1437 3978 1446 3987 ⁸

261 4102 292 4167 T
288 4122 377 4166 amen
397 4107 564 4167 reverentia
579 4104 746 4171 mneeundi
758 4108 885 4169 nominis
896 4111 1056 4183 instinctus,
1082 4106 1206 4169 sublau's
1227 4118 1347 4188 repente
