2984 4800
456 301 670 370 maurinis
697 307 774 372 ιιι.
803 307 876 372 uu.
905 301 936 367 3.
1167 283 1254 388 343

156 453 305 539 ηγορίσν,
337 447 459 537 μεγάλη
487 451 579 530 πόλις
608 457 665 520 καί
681 448 764 522 odon
784 461 840 524 καί
860 459 1034 544 λεγομένη·
1077 459 1136 547 άφ*
1158 455 1199 525 σύ
1220 465 1257 530 δά

158 554 295 636 Μάκρος
315 547 332 614 ά
353 551 620 638 τάυΒουλγάριον
631 555 784 638 βασιλεύς
804 559 860 621 καί
880 556 912 622 οῖ
931 556 965 637 ἐξ
986 559 1107 624 ἐκείνου
1128 559 1256 644 γενάμο·

157 675 208 718 sos
235 653 291 718 καί
309 655 440 736 προσότι
470 676 506 736 γε
526 654 678 742 Σαμουὴλ
704 656 723 720 ό
753 663 934 733 τελευταῖος
960 660 1016 742 τῆς
1036 663 1298 746 Βουλγαρικῆςλ.
1312 673 1361 732 stt

159 749 367 834 δυναστείας,
391 751 537 836 καθάπερ
559 750 577 817 ά
598 757 749 831 Σεδεκίας
768 763 831 822 τῶν
850 757 1022 839 Ἰουδαίων,
1044 762 1103 842 τῆς
1120 756 1296 842 ἓσπόραςι).
1310 782 1357 853 195

129 851 376 935 ὅκατόδραμσν,
397 848 551 918 σύνθετον
579 853 733 938 ἐκτήσατο
751 854 809 940 την
835 863 1049 944 προσηγορίαν
1067 858 1132 924 α’πό
1152 882 1187 924 τε
1206 864 1260 944 τῆς

152 946 333 1036 Ἑλληνικῆς
372 949 532 1035 σημασίας
571 954 693 1040 μεγάλη
734 953 990 1041 ἒπονομαζσμίνη
1019 959 1075 1022 καί
1110 957 1170 1043 την
1194 958 1258 1024 dud

158 1051 226 1116 τάν
252 1053 484 1134 Σθλαβσγενάν
513 1057 726 1141 ἐπισυρομένη
754 1059 858 1138 λάξιν,
891 1055 1015 1142 μεγάλη
1046 1057 1264 1143 Περισθλάβα

157 1147 360 1231 πανταχόθεν
379 1145 502 1226 τούτοις
522 1155 733 1240 φημιζσμόνη.
763 1155 902 1240 ι(ταύτην
920 1161 1027 1221 τοίνυν
1045 1159 1264 1246 κρησφύγετον

157 1243 299 1330 ἔχοντες”
312 1246 341 1312 οἱ
358 1249 446 1336 α’μφί
457 1249 512 1316 τάν
523 1255 833 1338 Μαυροκατακαλάν
847 1253 953 1347 ἔλεγον
966 1255 1042 1322 “καό
1053 1253 1207 1344 ὁσημέραι
1221 1262 1264 1324 δι’

114 1347 399 1432 ιοάκροβολισμῶν
429 1359 496 1426 τοῖς
523 1351 666 1425 Σκύθαις
698 1353 966 1440 προσβάλλοντες,
999 1356 1040 1420 ού
1070 1358 1265 1439 παυσόμεθα

159 1449 346 1530 ζημιοῦντες
365 1447 492 1532 αύτούς,
510 1454 588 1536 μηδ’
608 1447 691 1526 όλιος
704 1451 836 1529 τούτους
854 1457 909 1538 τῆς
930 1457 1047 1530 οἰκείας
1063 1461 1264 1542 παρεμβολῆς

156 1551 377 1630 χορταγιογιας
400 1546 498 1632 χάριν
520 1545 545 1634 η’
567 1554 621 1635 τῆς
643 1553 704 1616 τάν
724 1556 891 1638 χρειωδοόν
912 1559 1106 1640 συγκομιδῆς
1136 1581 1264 1641 συγχω-

157 1647 288 1728 ροῦντες
307 1649 559 1733 ε’ξεληλυθόναι.”
601 1649 725 1716 τούτων
753 1644 811 1718 σύν
835 1657 899 1718 τεάν
918 1643 1020 1737 λόγοιν
1041 1659 1289 1740 τριβομένων,η

157 1745 336 1828 ἀποβάντες
356 1746 388 1812 οἱ
419 1753 477 1826 τού
496 1753 666 1834 Διογένους
693 1749 761 1816 υἱοί
785 1755 849 1819 τάν
869 1758 1033 1841 σφετέραν
1062 1756 1184 1838 ἳππων,
1206 1751 1259 1824 οἷα

110 1847 224 1914 τόνόσι
247 1845 303 1912 καί
321 1849 376 1932 τῆς
396 1851 457 1914 τῶν
475 1845 590 1930 μόθων
624 1848 795 1934 κακότητος
828 1845 995 1935 άγευστοι,
1018 1847 1037 1916 ό
1057 1878 1091 1918 τε
1112 1853 1260 1943 Νικηφό·

153 1967 212 2032 ρος
232 1949 289 2011 καί
318 1945 472 2028 όΛέοιν,
498 1946 574 2024 τούς
600 1949 753 2032 χαλινούς
783 1947 993 2035 α’φελάμενοι,
1022 1952 1196 2037 πληξαντές
1222 1977 1258 2019 τε

155 2043 277 2122 αύτούς
297 2045 375 2111 κατά
396 2049 459 2111 τοῖν
486 2051 629 2133 κέγχρων
650 2046 828 2131 ἐξήλασαν,
849 2048 1029 2128 ἐπειπόντος
1050 2048 1115 2135 ι(μὴ
1137 2055 1256 2133 δέδιθι,

153 2149 299 2226 βασιλεύ·
342 2145 437 2212 atros*
454 2144 516 2232 γάρ
539 2147 615 2222 τούς
634 2145 795 2223 α’κινάκεις
814 2150 1013 2231 σπασάμενοι
1033 2151 1257 2232 διαμελίσομεν

155 2244 302 2320 αδτσός.”
345 2243 362 2312 ὁ
382 2248 419 2311 δὲ
438 2247 592 2327 βασιλεύς
624 2245 922 2333 φιλοκινδυνότατος
950 2242 995 2313 σόν
1014 2247 1071 2313 καί
1087 2250 1256 2333 προαρπά·

107 2345 224 2423 αοζειν
241 2343 392 2432 πεφυκώς
412 2346 470 2423 τάς
489 2345 614 2431 μάχας,
645 2348 714 2411 edd’
736 2349 783 2422 εἰς
802 2349 878 2413 ναόν
902 2342 983 2425 ὅλως
1005 2352 1068 2416 τάν
1088 2349 1257 2435 άπειργόν-

154 2468 219 2510 των
240 2442 339 2510 αύτόν
358 2444 433 2522 τούς
454 2443 564 2529 λόγους
587 2446 746 2529 ἐβάλλετο,
770 2444 855 2513 άλλά
878 2445 937 2533 την
949 2449 1118 2534 βασιλικὴν
1139 2448 1256 2535 σκηνῆν

152 2543 213 2610 καί
229 2542 287 2622 τάς
308 2543 426 2622 σκευάς
447 2543 574 2621 άπάσας
593 2545 788 2629 ἀναθέμενος
815 2548 860 2634 τῷ
883 2551 1085 2637 Κουτζομίτη
1104 2553 1136 2617 Γ
1133 2552 1255 2642 εαργάρ

227 2736 253 2789 3.
273 2754 307 2809 γε
329 2754 381 2791 om.
402 2738 436 2793 G.
527 2742 552 2809 4.
573 2734 588 2793 δ
608 2757 659 2791 om.
680 2740 714 2792 G.
797 2742 824 2794 5.
842 2738 1017 2813 κατέδραμεν
1039 2738 1068 2791 C.
1155 2758 1181 2812 η.
1200 2742 1252 2795 τά·

175 2811 269 2883 ,ξεν
287 2810 342 2862 CG.
419 2810 458 2877 sd.
481 2810 685 2883 σφοδροτέρων
703 2808 736 2862 Α.
811 2816 851 2868 ιθ.
870 2802 1068 2873 τσόςεσότοός
1082 2810 1115 2863 G.
1186 2804 1252 2871 νοός

225 2880 334 2941 σκόθσς
352 2878 553 2953 διαμελλοσμεν
570 2880 601 2932 Α.
702 2897 746 2933 ao.
767 2879 940 2954 δπαγόντιον
959 2880 993 2933 G.
1091 2900 1134 2937 os.
1161 2877 1249 2936 α’λλάι

221 2942 257 3005 τά
274 2954 306 3005 Δ.
386 2967 429 3003 aa.
446 2952 624 3025 Κουτζσμύτη
646 2952 676 3005 C.

150 3129 269 3182 labam.'’
288 3129 352 3182 urbs
369 3130 436 3182 haec
457 3129 588 3192 illustris,
607 3128 642 3181 ad
667 3132 765 3183 Istrum
781 3132 848 3194 sita,
875 3130 941 3182 olim
959 3145 1017 3182 non
1034 3128 1177 3181 barbarum
1196 3127 1248 3180 lis-

150 3201 237 3253 bebat
253 3218 367 3265 nomen,
386 3200 434 3253 sed
453 3217 548 3269 graeco
567 3200 704 3269 appellata
720 3199 867 3262 vocabalo,
887 3200 1067 3269 Megalopolis
1086 3200 1104 3250 i.
1116 3216 1247 3268 e.mogna

152 3273 217 3324 nrbs
238 3281 266 3324 et
285 3280 343 3323 erat
373 3280 401 3323 et
427 3270 575 3323 dicebatur.
604 3286 636 3321 ex
657 3288 711 3340 quo
729 3278 820 3321 nutem
840 3271 966 3335 Moerus,
993 3270 1167 3339 Bulgnrorum
1184 3288 1247 3335 rex,

151 3345 256 3414 quique
275 3360 308 3395 eo
328 3343 380 3395 orti
397 3351 491 3405 erant,
512 3349 622 3412 etpost
643 3340 693 3391 hos
714 3340 843 3403 Samuel,
865 3342 912 3411 qui
932 3342 1041 3393 ultimus
1059 3340 1180 3409 Bulgnris
1194 3342 1247 3393 ins·

150 3415 275 3486 perurit,
300 3422 331 3467 ut
360 3413 486 3465 Sedecias
506 3411 631 3475 Iudaeis,
649 3410 824 3463 Occidentem
841 3413 1030 3475 incursarent,
1048 3428 1151 3463 nomen
1166 3422 1247 3465 nacta

151 3494 197 3537 est
214 3486 312 3555 partim
332 3500 366 3538 ea
380 3482 492 3547 Graeco,
510 3484 607 3554 partim
626 3500 658 3534 ex
676 3482 815 3535 Slarorum
828 3498 927 3549 genere
939 3483 1057 3545 ductum,
1076 3492 1108 3535 ut
1126 3482 1246 3537 Peristh-

149 3556 214 3607 lsba
232 3572 328 3623 magna
347 3556 447 3624 passim
474 3556 575 3607 audiat.
609 3563 661 3607 “ex
682 3552 734 3605 hac
752 3554 834 3621 igitur
852 3554 934 3616 urbe,
957 3563 1085 3625 tanquam
1105 3562 1165 3605 tuto
1182 3570 1247 3623 per-

149 3626 243 3693 fugio,
262 3626 405 3697 inquiebat
416 3626 643 3689 Maurocatacalo,
662 3623 785 3695 quotidie
805 3624 963 3688 volitantes,
983 3625 1116 3677 lacessere
1134 3624 1247 3691 Scythas

148 3714 208 3749 non
230 3698 404 3759 desistemus,
424 3714 476 3749 nec
504 3700 614 3749 omnino
632 3695 782 3767 pabulandi
809 3712 935 3781 quaeque
953 3712 1022 3765 ορατ
1039 3704 1104 3747 sunt
1118 3712 1245 3817 comssor-

149 3766 227 3821 uadi
249 3784 328 3820 causa
345 3769 437 3820 castris
453 3768 544 3836 egredi
557 3786 603 3819 eos
619 3768 762 3819 sinemus.”
781 3766 847 3818 talia
867 3766 931 3817 dum
945 3775 1157 3839 pertractantur,
1201 3766 1245 3818 io-

149 3840 226 3906 gsnis
246 3840 296 3891 filii
314 3840 425 3891 iiiveaee
454 3848 483 3891 et
499 3856 605 3909 pugnae
634 3838 818 3890 discriminum
839 3838 940 3903 ignari,
966 3837 1044 3907 equis
1069 3838 1244 3902 desilientes,

149 3908 252 3962 fraenis
270 3926 316 3963 eos
334 3910 447 3973 demtis,
466 3910 494 3961 in
513 3912 581 3961 milii
599 3917 719 3977 segetem¹
734 3908 911 3979 propellunt,
931 3910 1067 3979 simulque
1085 3909 1180 3972 “noii,
1198 3907 1245 3959 in-

148 3982 264 4052 quiunt,
288 3983 436 4051 imperator
463 3982 574 4047 timere,
603 3982 655 4050 ipsi
674 3981 748 4031 enim
773 3977 926 4031 acinacibus
952 3980 1052 4032 strictis
1070 3978 1244 4032 concidemus

148 4054 222 4105 eos.'’
239 4054 386 4122 imperator
402 4068 462 4103 cusu
483 4049 518 4101 ad
536 4050 656 4120 pericula
676 4050 891 4121 promptissimus
915 4058 999 4122 atque
1018 4050 1054 4102 ad
1071 4052 1176 4120 proelia
1196 4067 1244 4102 oc-

148 4122 272 4193 cupanda
293 4138 442 4192 propensus
461 4130 546 4183 esset,
568 4121 644 4173 nulia
663 4119 880 4175 dissuadentium
899 4123 1007 4173 ratione
1024 4120 1132 4184 habita,
1151 4123 1243 4189 Angu-

147 4192 215 4247 staie
233 4193 436 4247 tabernaculum
454 4200 482 4247 et
504 4208 566 4245 vasa
594 4193 693 4257 omnia,
716 4194 884 4247 Cotroniitas
903 4195 1022 4261 Georgia
1039 4191 1243 4257 commendata,
