2984 4800
455 325 667 388 auaxunls
696 325 771 387 uu
801 328 857 388 ru.
886 331 916 394 ο.
1153 301 1227 384 161

141 471 236 548 τάξαι
260 469 317 534 καί
329 471 591 556 καταστήσασθαι
604 475 765 538 πολιτείαν
783 471 983 558 εδμήχανος,
1004 473 1087 542 τόσσα
1106 477 1153 561 μή
1172 473 1233 559 μό·

140 589 195 632 τοι·
208 567 268 652 τήν
284 569 451 650 Ῥωμαίων
471 571 575 655 α’ρχήν
594 572 723 638 διοικεῖν
744 571 927 655 δόνοσθοι,
950 573 1032 640 dett
1052 574 1107 639 καί
1128 579 1235 642 πᾶσαν

137 665 197 752 τήν
218 667 417 752 ὁπουδήποτε
436 671 618 752 βασιλείαν,
640 669 760 756 όπόσην
778 667 867 755 ἥλιος
886 676 1002 762 ἐφορᾷ.
1042 675 1234 760 πολυπαρός

137 789 172 831 τε
193 766 255 851 γὰρ
272 760 313 852 ήν
332 768 389 832 καὶ
406 771 529 834 πολλοῖν
547 769 744 854 πραγμάτων
765 773 915 853 λνίνοοσκο
929 771 1054 859 privare,
1072 777 1129 839 καί
1147 769 1269 852 όποιςΡ.
1280 791 1317 844 λα

110 858 279 950 δόρχτται
300 869 357 930 καί
376 864 455 942 eici*
474 868 699 953 κατανοήσειεν
717 871 850 936 ἕκαστον
870 873 1066 956 ίξήπίστατο,
1087 873 1143 936 καί
1160 877 1235 939 τίκα

137 967 200 1046 μὲν
219 968 316 1030 τίνων
349 967 430 1030 εἰσίν
458 963 664 1052 ἀναιρετικοί,
693 971 768 1033 τίνα
788 971 824 1034 δὲ
852 972 974 1051 μᾶλλον
1002 971 1234 1054 ίπιρροόννυοικ

138 1067 245 1146 ἕτερα,
290 1063 423 1149 δξοτότη
450 1089 485 1130 τι
504 1065 540 1131 τό
565 1069 637 1131 δέον
657 1073 858 1149 καταμαθεῖν
879 1073 936 1134 καί
953 1067 1034 1152 μετό
1055 1073 1234 1156 σ’σφαλτιλις

138 1163 336 1245 καταπρᾶξαι
351 1161 446 1249 δεινή.
468 1166 523 1230 καί
542 1164 600 1228 osis
621 1159 662 1251 ἦν
676 1169 737 1247 μὲν
756 1164 816 1250 τήν
829 1169 957 1252 γνώμην
967 1171 1108 1254 τοιαότη,
1130 1173 1234 1253 riuis.

137 1287 199 1328 ταν
217 1265 252 1329 δὲ
272 1259 356 1345 εἶχεν
378 1262 565 1352 ἐπᾴδουσαν
588 1264 669 1350 πρός
692 1263 751 1350 τήν
769 1263 917 1352 μνιόμηκ·
964 1268 1035 1334 ἀλλ’
1070 1265 1110 1352 ήν
1136 1269 1317 1357 ου’τό-Ὴπ

92 1387 249 1446 ιοχρημα
266 1360 373 1449 ῥήτωρ
394 1361 624 1446 τιτθανοότατος,
638 1364 693 1428 καί
711 1359 787 1430 osiae
808 1368 903 1440 λόλος
920 1368 975 1432 καί
987 1369 1033 1441 είς
1043 1371 1142 1451 μήκος
1156 1367 1233 1444 τοός

136 1461 250 1543 λόγους
271 1463 464 1544 ausaausa,
482 1455 556 1528 οὔτε
575 1467 699 1547 ταχέας
719 1459 937 1545 ἀπελίμπανον
953 1464 1033 1549 ατίτή
1054 1464 1092 1530 τό
1109 1470 1233 1546 πνεῦμα

134 1561 197 1624 τοῦ
217 1555 336 1643 λόγου,
357 1559 426 1624 ἀλλ’
444 1561 617 1644 ἐπικαίρως
645 1563 807 1648 α’ρξαμίνή
827 1563 873 1638 τίς
894 1562 934 1629 τὰ
952 1562 1147 1649 καιριοότατα
1169 1565 1233 1630 πό-

134 1661 186 1720 λιν
207 1658 363 1742 κατίληγο.
413 1659 469 1724 κατ’
493 1657 510 1723 d
539 1663 600 1741 μὲν
620 1665 781 1742 βασίλειος
804 1661 919 1744 θρόνος
938 1663 1038 1749 ου’τήκ
1060 1688 1231 1749 παρήκμα.

134 1763 229 1820 κυῖαν
248 1760 463 1844 κατείληφεν,
479 1752 528 1822 ότι
551 1763 607 1824 καί
625 1763 747 1841 μᾶλλον
771 1758 808 1825 τό
833 1764 974 1846 φρονοόν
991 1757 1113 1846 ἤκμαζε
1133 1768 1189 1828 καί
1210 1762 1259 1848 sill

91 1867 126 1926 15
137 1854 264 1932 σόνεστς
283 1855 416 1941 ἐπήνθει
434 1861 491 1922 καί
509 1857 529 1943 ἦ
554 1860 630 1942 περί
649 1856 688 1924 τό
708 1855 880 1942 πράγματα
892 1861 1048 1945 ἐπιστήμη
1067 1863 1231 1946 ουνήκμα·

136 1957 207 2037 ζεν,
229 1957 263 2034 ἐξ
285 1947 522 2037 dictiunculae
544 1958 601 2022 καί
621 1957 793 2040 διοικήσεις
813 1956 849 2020 τό
872 1958 985 2040 κρότος
1003 1957 1143 2042 ἔχουσιν.
1162 1960 1232 2043 ἔχει

137 2055 173 2117 dd
195 2049 239 2129 τός
258 2054 293 2116 τό
317 2053 401 2132 είκός
423 2056 443 2139 ή
463 2053 596 2138 τοιαότη
616 2055 725 2138 ἡλικία
746 2055 787 2117 στί
804 2053 941 2136 μόνοντι
962 2060 1050 2135 λέξαι
1070 2062 1135 2123 ταῖν
1152 2063 1231 2124 seur

135 2149 337 2238 σοφώτερον,
371 2153 416 2230 σός
445 2154 465 2240 ή
489 2154 652 2240 τραγῳδία
674 2153 786 2238 φησίν,
808 2151 890 2216 οἰλλό
910 2152 967 2218 καί
983 2153 1232 2242 συμφοροότιρον

136 2253 268 2332 πριῖξαι.
310 2250 328 2315 o‘
351 2255 387 2317 δὲ
406 2250 540 2318 κατόπιν
559 2250 673 2334 χρόνος
700 2249 757 2314 καί
775 2249 892 2316 ὁπόταν
909 2252 1011 2337 snat»,
1032 2262 1103 2331 ταῖς
1120 2262 1232 2321 νεοττὲ·

88 2383 125 2427 20
135 2374 209 2437 ραις
230 2351 455 2441 ουνεξητόζρτο
474 2353 621 2437 γυναιξί,
654 2351 772 2430 θαῦμα
803 2343 953 2436 όντικρυς
979 2346 1038 2439 ήν,
1067 2351 1178 2420 πολιόν
1195 2357 1232 2421 όν
1303 2350 1307 2355 ’

135 2456 235 2540 νεαρᾴ
255 2448 361 2539 villula
382 2453 621 2533 ἐπιδεικνυμένη
643 2448 804 2535 φρόνημα.
827 2450 885 2515 καί
901 2460 1054 2535 παρεῖχον
1073 2454 1108 2529 d}
1129 2453 1230 2538 αὐτῆς

134 2544 242 2631 ὄψεως
267 2556 311 2639 τῷ
336 2552 515 2639 βουλομένῳ
543 2554 715 2633 καταθρεῐν
744 2548 804 2633 τήν
831 2551 967 2615 ίνοόσαν
999 2552 1081 2639 αυίή
1111 2550 1230 2637 όρετήν

135 2650 219 2731 όμοό
239 2653 296 2715 καί
315 2654 511 2737 ίμβρίθαταν.
553 2642 633 2732 ἀλλ’,
655 2643 731 2733 όπερ
755 2646 881 2733 ἔλεγον,
911 2644 1026 2733 ὅτ’μός
1043 2648 1146 2738 πατήρ
1172 2655 1230 2736 τής

204 2804 230 2855 5·
248 2800 432 2868 καταντήσειν
443 2800 477 2853 G.
533 2816 573 2855 so.
591 2798 833 2865 πιθτινολτατοςίλ,
851 2798 1040 2869 πιθανότητος
1057 2803 1112 2856 PG.
1187 2822 1226 2857 rr.

205 2888 241 2923 an
261 2870 350 2944 αότήί
452 2889 489 2941 ¹7·
513 2871 544 2926 dl
561 2870 600 2931 τός
617 2870 632 2937 ή
649 2870 762 2937 τοιαύτη
778 2863 808 2924 τό
825 2865 900 2932 slede
917 2872 953 2936 P,
972 2882 1044 2925 recte
1063 2875 1095 2926 G.
1183 2874 1224 2927 αδ.

202 2940 277 3015 όμοῠ
297 2960 348 2995 στα.
367 2942 400 2995 G.
453 2944 636 3015 ἐμβρίθεισαν
645 2942 674 3007 Ρ,
692 2944 888 3015 ίμρρίθουσακ
905 2945 945 3007 G,
963 2945 1130 3016 ζυβρίθειαν
1147 2943 1177 2997 C.

133 3107 222 3145 terrun
240 3092 417 3163 gerendarum
437 3095 600 3158 dexteritas,
621 3101 697 3146 tanta
716 3092 923 3147 constituendae
941 3092 1166 3165 ordinandaequs
1184 3096 1225 3151 rel
1308 3118 1310 3123 ·

130 3163 261 3233 publicae
280 3164 408 3229 facultas,
432 3174 537 3219 utnon
564 3165 651 3217 solum
665 3166 784 3216 llornano
802 3166 915 3234 imperio
940 3163 1155 3217 administrando
1174 3184 1225 3235 par

132 3243 212 3299 esest,
232 3234 281 3287 sed
299 3238 372 3287 omni
399 3234 486 3288 ubivis
505 3246 633 3289 terrarum
662 3252 761 3303 regno,
782 3243 1022 3305 quantumcunque
1050 3242 1098 3287 eet„
1124 3252 1224 3306 nempe

131 3306 364 3373 experientlssima
384 3315 441 3357 erat
469 3314 497 3357 et
515 3308 658 3358 multarum
683 3321 769 3356 rerum
786 3314 900 3357 noverat
923 3314 1047 3366 naturas,
1067 3321 1123 3373 quo
1141 3308 1224 3376 quid-

130 3390 182 3444 que
202 3376 285 3429 initio
304 3385 376 3428 esset
395 3385 423 3429 et
440 3394 568 3445 quorsum
587 3392 742 3439 evasurum,
769 3391 840 3445 quae
869 3374 969 3445 quibus
998 3376 1222 3443 adversarentur,

129 3460 255 3565 puraeque
266 3446 391 3499 iuvandis
408 3446 600 3517 firmandisque
618 3445 698 3498 rebus
715 3446 776 3497 aliis
795 3456 894 3509 essent,
914 3446 1062 3509 celerrime,
1075 3447 1142 3515 quid
1154 3466 1222 3517 opus

141 3526 210 3581 ecto,
225 3518 392 3588 perspiciens
405 3526 434 3571 et
446 3526 525 3570 caute
535 3526 743 3589 constanterque
760 3534 918 3588 exsequens.
929 3534 980 3569 nee
997 3532 1070 3579 vero,
1079 3533 1139 3569 curn
1156 3536 1223 3571 con.

129 3586 190 3639 silio
201 3588 272 3641 adeo
288 3590 420 3659 polleret,
441 3588 612 3641 claudicabat
624 3590 729 3657 lingua;
747 3591 816 3661 quin
827 3596 885 3640 erat
896 3589 977 3657 plane
990 3587 1221 3657 eloquentissima,

128 3674 159 3709 ac
177 3674 214 3711 ne
236 3674 270 3711 ue
290 3662 457 3730 loquacitate
484 3676 634 3713 sermonem
652 3660 760 3727 longius
779 3658 962 3729 producebat,
987 3674 1076 3729 neque
1096 3658 1221 3712 celeriter

127 3726 225 3781 delicis
246 3738 275 3782 at
305 3747 363 3782 earn
383 3732 508 3799 spiritus3
528 3746 620 3783 veruna
643 3738 798 3799 opportune
816 3746 923 3791 exorsa,
943 3746 1024 3798 quam
1043 3733 1218 3800 opportunis-

127 3800 195 3851 sime
222 3818 313 3853 rursus
335 3802 430 3853 linivit
450 3811 531 3871 atque
547 3802 654 3872 imperii
672 3800 860 3869 gubernaculis
879 3801 993 3850 accessit
1015 3801 1217 3868 ingravescente

126 3870 179 3923 iam
203 3880 312 3936 aetate,
336 3871 445 3942 quando
465 3882 493 3923 et
511 3872 644 3941 sapientia
670 3872 753 3939 magis
774 3872 848 3938 viget
866 3877 894 3921 et
912 3868 1057 3939 prudentia
1078 3870 1169 3924 floret»
1187 3882 1217 3926 et

126 3958 215 3993 rerum
241 3959 306 3993 usus
335 3944 473 4012 suppetit3
497 3958 529 3993 ex
553 3941 652 4012 quibus
665 3940 863 3993 administratio
878 3941 931 3992 vira
949 3942 1115 3994 nanciscitur
1131 3958 1216 3997 suam.

126 4020 167 4071 est
179 4012 308 4065 nimirum
327 4013 408 4064 buius
426 4014 522 4067 aetatis
540 4028 594 4063 non
613 4012 699 4064 solum
718 4012 795 4081 loqui
819 4011 963 4063 luvenibus
981 4013 1158 4083 prudentius,
1184 4022 1217 4068 nt

122 4082 152 4133 in
170 4083 313 4153 tragoedia
327 4092 377 4147 est,
395 4098 487 4135 verum
501 4084 581 4137 etiam
600 4084 634 4135 ad
648 4082 796 4136 utilitatem
813 4083 979 4134 commodius
993 4098 1081 4153 agere.
1092 4083 1122 4135 in
1134 4098 1216 4154 supe·

123 4153 194 4205 riore
213 4162 305 4207 autem
321 4156 391 4217 vite,
409 4171 469 4205 cum
488 4154 576 4205 adhuc
594 4156 621 4204 in
641 4154 778 4205 iuniorum
798 4170 909 4204 numero
927 4160 1014 4216 esset,
1033 4154 1132 4205 muller
1148 4168 1215 4206 sane

124 4224 234 4279 mirifica
244 4233 311 4287 erat,
324 4226 425 4295 quippe
436 4242 505 4295 quas
514 4226 627 4277 senilem
641 4226 669 4277 in
679 4224 864 4277 adolescentia
875 4223 1046 4293 prudentiam
1055 4231 1213 4293 praestaret.

199 4316 281 4365 Anna
302 4314 451 4365 comnena.
990 4326 1018 4360 τι
1125 4347 1130 4363 .
