2984 4800
257 237 309 300 XL
653 233 769 295 PETRI
796 230 950 294 Posstttt

256 405 397 466 sententia
410 405 572 464 necessario
586 402 813 486 reliqnasacta
825 415 876 472 est,
891 423 953 484 qun
963 401 1166 461 decernerem:
1181 415 1349 463 contentiori

257 514 378 594 quidem
410 513 561 572 Graecum
588 510 680 592 plane
712 513 852 570 intactum
881 510 1073 592 relinquere.-
1113 527 1152 568 ae
1183 512 1349 588 manifestis

256 621 376 702 quidem
402 616 590 678 solicitandis
613 617 746 692 mendis,
777 617 924 700 quamdiu
945 635 1036 676 uerae
1062 614 1349 695 lettioutsfimdum
1419 699 1422 706 Ι

255 747 314 788 non
335 726 469 787 liaberem
491 727 620 787 maioris
642 727 832 805 antiquitatis
851 739 881 784 et
901 725 1074 785 autoritatis
1089 724 1232 784 toditem.
1255 737 1350 784 totam

259 834 535 895 vero·1'ndustrt'am
559 837 591 894 in
623 834 826 894 elaboratione
846 833 976 892 Latinae
993 833 1140 892 versionis
1161 853 1349 915 expromere,

255 965 324 1028 qua,
346 943 470 1020 iudicio,
493 942 620 1026 siquod
639 955 721 1016 esset,
746 962 786 1002 ae
811 942 974 1022 diligentia
994 941 1028 999 iu
1047 940 1248 1000 subsidiorum
1269 939 1350 1024 defi.

165 1115 170 1126 ,
255 1053 392 1111 cientium
418 1051 515 1110 locum
535 1050 746 1131 subrogandis,
765 1050 927 1131 explendis
948 1049 1084 1124 hiatibus,
1100 1047 1289 1129 corrigendis
1307 1070 1352 1108 ea·

256 1161 430 1220 coniectura
451 1159 569 1218 vitiosis
589 1159 671 1234 locis,
697 1157 794 1217 modis
814 1157 941 1239 denique
961 1155 1096 1216 omnibus
1117 1157 1237 1238 assequi
1254 1175 1351 1216 cona·

257 1290 315 1344 rer,
338 1281 370 1327 ut
390 1271 473 1327 nitor
490 1267 689 1350 prinu‘genius
713 1266 815 1348 Operi
825 1266 1042 1349 pulcherrimo,
1062 1264 1167 1348 quoad
1180 1285 1239 1346 per
1259 1265 1351 1346 quin-

257 1397 313 1460 que
335 1375 517 1436 saeculorum
539 1375 718 1458 squalorem,
740 1385 771 1434 et
788 1373 958 1434 exitiabiles
972 1372 1232 1452 r'ry‘estrlssimorum
1253 1371 1352 1430 omnis

256 1485 374 1563 generis
403 1503 525 1543 casuum
554 1483 684 1542 iniurias
710 1481 823 1557 liceret,
846 1480 994 1541 hodierna
1015 1479 1145 1539 editione
1165 1477 1349 1568 reddentem.

255 1590 309 1650 En
329 1590 407 1673 quid
425 1589 583 1665 voluerim,
602 1609 659 1672 quo
671 1588 806 1649 studium
829 1602 859 1648 et
878 1600 1016 1648 conatum
1036 1585 1226 1646 intenderim.
1268 1585 1352 1644 Nam

257 1697 362 1779 reipsa
384 1696 458 1779 qnid
475 1697 674 1778 perfecerim,
695 1715 756 1756 non
786 1715 873 1755 meae
890 1694 1106 1777 professionis,
1128 1706 1213 1767 tuae,
1234 1691 1351 1767 lector,

257 1805 413 1864 sententiae
432 1803 566 1888 definitio
586 1816 639 1863 est.
693 1801 785 1863 Cuim
804 1816 837 1863 ut
863 1821 923 1862 non
947 1799 1101 1861 eblandiri
1129 1803 1232 1882 gratia
1246 1803 1352 1880 sauo-

258 1933 342 1986 rem,·
362 1913 409 1972 ita
431 1933 484 1972 neo
503 1911 662 1991 deprecari
682 1911 806 1972 abiecta
826 1909 1009 1971 demissione
1027 1912 1236 1969 seueritatem:
1258 1909 1352 1969 metito

259 2033 356 2080 aretem
382 2021 478 2080 minus
504 2021 673 2080 contumaci
693 2020 875 2102 peruicacia
903 2015 1057 2100 refragari
1081 2039 1222 2078 censurae
1243 2018 1350 2076 velim.

263 2139 346 2188 utere
368 2142 400 2187 ut
418 2127 489 2187 libet
509 2131 574 2187 iure
594 2140 686 2210 atque
705 2127 839 2188 arbitrio
853 2123 937 2208 quod
948 2125 1003 2184 tibi
1020 2145 1085 2206 ego,
1105 2126 1159 2185 uel
1175 2127 1204 2184 si
1222 2145 1282 2184 non
1295 2145 1357 2207 per·

261 2256 291 2295 se
310 2247 490 2317 suppeteret,
511 2235 591 2294 ultro
612 2236 759 2314 largirer,
776 2233 928 2315 probandi
959 2234 1251 2317 reprebendendrque
1271 2234 1357 2318 quod

260 2343 384 2421 dignum
404 2341 538 2405 duxeris.
560 2340 715 2403 Paratum
736 2361 802 2403 ecoe
821 2361 869 2402 trre
889 2343 922 2403 in
942 2345 1089 2403 utrumuis
1109 2342 1214 2416 babesq
1233 2354 1263 2402 et
1280 2361 1355 2425 qno-

261 2470 382 2534 cumque
401 2449 469 2509 alea
486 2450 629 2527 uerterit,
655 2451 779 2532 proviso
804 2462 922 2532 receptu
943 2450 1125 2534 quieturum.
1171 2450 1355 2534 Gratideari

258 2558 378 2641 publico
399 2556 492 2631 uolui,
519 2559 634 2617 servin
654 2559 778 2632 amict's,
797 2556 923 2641 obsequi
941 2559 1020 2618 uiris
1040 2559 1179 2638 magnis.-
1201 2558 1356 2618 oobuuale

262 2686 299 2724 ac
307 2664 380 2747 fide
401 2664 517 2747 optima
538 2666 571 2725 in
589 2666 708 2745 negotio
734 2677 872 2725 uersatus
889 2686 964 2727 sum.
1006 2665 1069 2726 Hic
1087 2685 1216 2748 semper,
1234 2676 1355 2725 utriun-

241 2768 316 2854 'que
337 2772 406 2833 alia
426 2772 594 2849 ceciderint,
615 2774 821 2833 conscientiam
842 2775 1017 2836 statentabit
1031 2776 1163 2853 fructus.
1206 2772 1283 2835 Peto
1302 2785 1356 2832 ta·

261 2896 341 2955 meu,
362 2878 399 2939 id
416 2880 500 2962 quod
519 2882 686 2962 aequitatis
707 2895 752 2943 est
768 2894 846 2958 tuae,
870 2901 909 2942 ne
925 2883 1108 2965 praecipites
1128 2895 1228 2941 atrum
1248 2880 1355 2940 calcu

261 2988 327 3048 lum
348 2986 391 3046 ad
409 2988 552 3072 quamvis
571 3010 602 3049 se
618 2992 754 3073 primum
774 2988 948 3070 offerentem
966 2995 1092 3073 speciem
1112 2990 1233 3073 eulpae.
1277 2988 1356 3048 Fere

262 3114 325 3155 non
350 3096 503 3177 primas,·'
520 3116 561 3157 ac
581 3118 619 3157 ne
639 3098 788 3157 secundas
814 3097 936 3183 quidem
955 3116 1054 3181 saepe,
1078 3116 1155 3181 quas
1174 3096 1268 3175 vulgo
1285 3096 1356 3154 lau·

262 3200 346 3279 dant,
366 3203 556 3283 cogitationes
577 3204 698 3265 chartae
717 3206 814 3266 illeoi.
835 3217 868 3265 at
889 3224 1107 3289 nonnumquam
1124 3216 1246 3287 quartas
1264 3222 1355 3287 qttttt-
1454 3262 1468 3268 -

262 3321 359 3369 tasse.
402 3310 491 3371 Fieri
520 3324 616 3393 potest
644 3326 675 3372 ut
695 3312 780 3395 quod
805 3312 861 3373 tibi
877 3315 1012 3393 primum
1032 3312 1201 3372 advertenti
1220 3312 1354 3370 animtun

265 3416 298 3475 in
318 3429 442 3477 mentem
462 3422 589 3493 venerit,
605 3441 641 3489 ne
656 3440 702 3479 me
722 3419 846 3501 quidem
867 3421 964 3503 ipsum
974 3420 1113 3499 sugerit:
1135 3432 1284 3479 eaetemm
1299 3437 1355 3497 ego

262 3520 345 3581 illud
363 3523 453 3583 alteri
471 3525 604 3587 nondum
630 3526 685 3587 tibi
704 3525 922 3587 animadverso
947 3527 1192 3609 posthabuerim3
1214 3540 1243 3602 te
1261 3525 1354 3606 paria

261 3626 376 3692 ilecturo
397 3631 425 3694 εἰ
445 3632 488 3691 ibi
509 3654 592 3709 esses,
613 3635 780 3714 probatura
798 3635 871 3717 quin
889 3636 986 3694 etiam
997 3635 1048 3693 ubi
1068 3636 1250 3713 cognoveris.
1294 3632 1354 3694 Co·

261 3754 401 3816 gnoscere
431 3754 531 3799 autem
555 3742 668 3823 poteris
698 3740 857 3825 quaedam
888 3742 1047 3825 quideme
1069 3742 1353 3823 Glossario,longe

258 3844 349 3924 plura
369 3866 386 3904 e
413 3836 662 3933 Notisfquorton
687 3850 768 3909 illud
786 3868 865 3909 nunc
885 3850 1010 3924 damus,·
1030 3851 1087 3909 bas
1106 3853 1232 3911 retinere
1252 3849 1354 3911 adme

261 3953 415 4031 cogimur,
433 3955 529 4039 paulo
552 3971 619 4039 post
642 3976 710 4018 curn
735 3958 790 4017 tibi
816 3972 906 4038 grato
925 3958 1101 4040 publiceque
1121 3960 1189 4019 utili
1207 3959 1353 4019 auctario

261 4058 441 4123 reddendas.
499 4064 626 4145 (litando
654 4066 794 4127 nimirum
826 4066 937 4127 Aureae
969 4078 1105 4143 nostrae,
1140 4085 1231 4149 quam
1265 4064 1355 4129 modo
