2984 4800
447 311 847 376 semianimum.
881 321 929 383 ιο.
972 273 977 284 ’
1144 283 1223 396 ¹73

133 459 179 540 μὴ
201 459 478 538 ἀναπεπτωκέναι,
498 463 582 546 μηδὲ
612 467 869 548 καταρρφθομεῖν
891 457 986 540 δλως,
1008 458 1078 525 ἄλλ’
1098 459 1225 544 ἐγρηγο-

133 563 223 637 ρέναι
244 555 300 622 καί
320 561 432 643 νήφειν
448 559 503 624 διά
523 561 639 635 παντὸς
661 562 973 647 περιφραττομὲνσυς
989 559 1044 625 καί
1061 559 1118 624 τάν
1131 562 1297 654 ‘Pege-oga

134 661 251 738 πίρτον
269 659 542 742 καραδοκοῦντας,
574 657 619 742 μὴ
644 661 678 738 ἐξ
698 657 819 745 ἐφόδου
842 663 907 725 τῶν
927 657 1090 743 παραλίων
1110 658 1227 723 πόλεων

133 753 288 839 ἐγκρατής
311 754 476 838 γενόμενος
496 761 551 822 καί
571 753 678 825 αάτῶν
701 757 740 843 δὴ
763 761 825 824 τῶν
838 756 952 843 νήσων,
965 757 1134 843 πράγματα
1153 758 1226 824 ε’σά·

106 864 243 938 ὅστερον
262 857 303 941 τῇ
324 854 469 944 βασιλείᾳ
486 852 654 938 Ῥωμαίων
674 860 804 945 παρέξῃ.
1213 857 1217 865 ’

224 979 271 1020 ιο.
318 958 425 1020 Ταῦτα
444 957 503 1036 μὲν
525 952 606 1022 οὗτοι
621 956 708 1043 παρά
729 961 789 1020 τοῦ
808 959 964 1037 βασιλέως
983 955 1059 1039 περί
1077 955 1111 1020 τά
1133 959 1228 1022 'Illv-

136 1051 225 1132 ρεκόν
240 1049 418 1141 φ’κονόμητο
430 1061 456 1133 ,“
482 1053 538 1120 καί
556 1060 660 1130 καλῶς
680 1051 718 1119 τά
737 1058 815 1132 τέως
836 1053 914 1120 κατά
936 1054 1102 1138 πρόσωπον
1118 1058 1174 1120 καί
1193 1059 1228 1122 ἓν

135 1155 212 1218 noui
238 1151 364 1233 κείμενα
385 1155 430 1240 τῷ
455 1152 640 1242 Ῥομπέρτφ
673 1153 902 1237 ,κατσχυρῶσας
922 1149 1029 1218 eiuro·
1061 1155 1130 1219 ἀλλ’
1151 1156 1227 1221 οὐδὲ

134 1256 199 1316 τῶν
223 1249 303 1316 κατά
323 1247 427 1316 νῶτων
449 1255 556 1340 ἐκείνῳ
589 1255 847 1335 προσισταμένοον
863 1252 1154 1341 κατερρᾳθυμηκῶς
1173 1248 1225 1337 ἦν.

88 1349 306 1430 ιογράμματσ
330 1355 433 1416 τοίνυν
460 1354 585 1432 πρῶτον
611 1355 671 1432 μὲν
694 1351 775 1436 πρὸς
803 1350 859 1417 τάν
882 1354 1024 1436 α’ρχηγὸν
1044 1358 1227 1438 Λογγιβαρ-

135 1452 208 1523 δίας
221 1449 375 1530 Ἑρμᾶνον
398 1452 587 1531 ἐκθέμενος,
612 1447 679 1516 εἶτα
702 1454 757 1516 καί
779 1450 859 1538 πρὸς
880 1449 936 1518 τὸν
957 1449 1066 1517 πάντων
1082 1450 1226 1538 Ῥῶμης,

134 1547 215 1630 πρὸς
244 1549 280 1614 δὲ
306 1551 362 1612 καί
378 1547 458 1632 πρὸς
478 1549 533 1616 τὸν
557 1549 804 1634 άρχιεπίσκοπον
821 1545 1115 1638 ΚαπάηςἜρβισν,
1149 1554 1226 1637 πρὸς

132 1646 208 1722 τοάς
230 1645 407 1732 πρίγκιπας,
429 1647 474 1713 ἔτι
495 1672 530 1732 γε
549 1648 614 1734 μὴν
634 1655 690 1716 καί
708 1651 787 1734 πρὸς
808 1647 949 1725 ἅπαντας
969 1649 1045 1726 τοάς
1066 1650 1255 1737 άρχηγοάςῐν

132 1750 196 1812 τῶν
219 1735 382 1813 Κελτικῶά
406 1751 540 1835 χωρῶν,
574 1745 689 1833 δῶρσις
708 1773 741 1817 τε
761 1755 903 1832 μετρίοις
925 1748 1056 1826 τσάτους
1074 1750 1224 1828 δεξιωσά·

89 1852 125 1914 ι5
131 1869 228 1927 μενος
242 1848 297 1910 καί
308 1847 500 1929 ὑποσχέσεσι
512 1853 635 1915 πολλῶν
646 1852 774 1932 δωρεῶν
792 1852 848 1913 καί
862 1849 1057 1930 ἀξιωμάτων,
1080 1848 1159 1934 πράς
1171 1850 1227 1933 nir

134 1943 214 2010 κατά
237 1949 294 2010 τοῦ
311 1947 505 2028 Ῥομπέρτου
524 1946 648 2029 ἔχθραν
668 1949 832 2032 ἠρέθιζεν·
873 1941 919 2012 ῶν
940 1948 969 2014 oi
991 1951 1051 2030 μὲν
1071 1951 1126 2033 τῆς
1146 1950 1228 2033 πρὸς

132 2045 188 2109 τὸν
205 2045 394 2128 Ῥομπέρτον
416 2049 526 2130 φιλίας
548 2039 607 2130 ἤδη
631 2047 828 2131 ἀπέστησαν,
849 2044 879 2110 οἱ
900 2049 936 2111 δὲ
956 2045 1175 2130 ὑπισχνοῦντο,
1198 2054 1229 2116 εἰ

133 2143 264 2208 πλείονα
287 2145 421 2225 λάβοιεν.
461 2144 543 2229 circio
565 2145 683 2220 πάντας
704 2147 739 2208 δὲ
758 2141 889 2222 τούτους
909 2143 964 2209 τάν
983 2145 1063 2230 ῥῆμα
1084 2149 1227 2227 Ἀλαμυ-

135 2247 204 2318 νίας
225 2242 387 2327 γινῶσκοον
418 2240 595 2323 δυνάμενον
620 2245 684 2310 πάν
714 2237 786 2307 ὅτι
813 2249 868 2310 καί
899 2243 1043 2326 βούλοιτο
1072 2245 1152 2311 κατά
1168 2253 1227 2312 τοῦ

88 2342 325 2426 αοῬομπέρτου
354 2341 634 2425 καταπράξασθοι,
669 2337 753 2422 ἅπαξ
781 2341 838 2408 καί
864 2345 913 2419 δίς
941 2340 1117 2428 γράμματα
1145 2345 1226 2429 πρὸς

134 2438 231 2509 aitte
251 2444 416 2525 ἐκπέμψας
436 2441 490 2507 καί
510 2440 563 2507 διά
584 2440 750 2526 μειλιχίων
774 2440 875 2525 λόγων
894 2442 951 2508 καί
973 2444 1125 2511 παντοάον
1145 2446 1226 2511 aino·

164 2596 169 2605 ’
205 2626 234 2693 υ.ι
244 2614 524 2685 περιφραπομένσυς
535 2610 599 2665 ΡΟΑ
610 2620 638 2663 et
655 2612 683 2663 iu
694 2612 814 2681 margine
830 2612 858 2695 δ’,
869 2616 1161 2687 περνφυλαττομένους
1169 2620 1224 2673 PG.

203 2700 257 2736 τον
275 2698 327 2733 om.
354 2682 388 2735 G.
493 2685 517 2736 3.
542 2683 650 2755 ἐφόδου
674 2686 780 2738 πασῶν
804 2701 862 2739 των
877 2686 1027 2768 παραλίριν
1043 2682 1176 2760 ἐγκρατὴς
1194 2691 1224 2742 Δ.

202 2752 363 2879 {ugppytlioap
380 2748 599 2879 {wlmare
617 2772 640 2877 pa.
659 2754 843 2878 pjuapom'ssp
893 2773 1009 2880 poeuupp}
1018 2758 1130 2813 νῶτουὲ
1185 2778 1224 2813 ra.

598 2844 658 2897 μν
690 2844 703 2887 ς
745 2844 791 2890 ,α
841 2843 902 2897 μαν
933 2847 947 2887 ς
1010 2865 1017 2879 .

133 2994 190 3031 rum
210 2976 320 3028 urbium
336 2974 486 3045 praefectos
504 2984 531 3029 et
548 2978 622 3043 ipsos
640 2979 788 3031 insularum
805 2979 909 3031 incolas
926 2996 1092 3051 magnopere
1110 2998 1160 3052 per
1178 2986 1225 3039 lit-

134 3059 204 3101 teras
222 3048 348 3101 hortatus
377 3054 434 3107 eal,
463 3062 498 3099 ne
524 3048 653 3101 caderent
670 3051 766 3101 animis
792 3067 861 3101 neve
879 3051 1013 3119 ignaviter
1029 3062 1157 3121 agerent,
1176 3056 1227 3109 sed

131 3121 280 3189 vigilarent
290 3116 436 3187 sobrieque
454 3134 560 3186 semper
576 3136 606 3171 se
621 3128 795 3189 protegerent
811 3138 843 3172 ac
864 3120 1012 3175 liebertum
1030 3133 1226 3194 exspectarentg

133 3208 166 3243 ne
184 3192 275 3261 primo
296 3190 319 3241 is
341 3189 443 3257 impetu
469 3190 609 3241 maritimis
634 3190 738 3257 potitus
758 3190 872 3243 urbibus
899 3200 928 3245 et
953 3193 1018 3263 ipsis
1035 3194 1148 3259 insulis,
1170 3195 1225 3247 llo-

133 3278 274 3315 manorum
293 3260 407 3330 irnperio
426 3260 457 3311 in
479 3270 616 3329 posterum
637 3263 776 3329 negotium
797 3261 950 3315 facesseret.

205 3350 245 3387 ro.
282 3330 356 3383 llaec
381 3328 415 3381 de
432 3330 542 3397 Illyrico
567 3332 713 3399 imperator
737 3333 775 3383 ita
792 3334 943 3397 constitnit,
970 3350 1002 3386 ac
1027 3350 1098 3404 qnae
1124 3342 1182 3385 tum
1207 3352 1225 3387 a

132 3406 222 3459 fronte
237 3412 265 3456 et
286 3412 349 3455 ante
361 3402 444 3471 pedes
455 3402 572 3453 lieberto
591 3410 682 3466 erant,
700 3402 780 3466 bene,
799 3411 832 3455 ut
849 3412 974 3473 apparet,
990 3405 1113 3456 munivit.
1131 3422 1223 3458 rerum

130 3492 165 3530 ne
183 3472 348 3544 esquillam,
370 3489 441 3541 quae
459 3489 474 3523 a
493 3482 568 3541 tergo
586 3474 628 3524 illi
645 3473 735 3542 posita
756 3483 841 3537 erant,
860 3474 989 3543 neglexit.
1007 3475 1100 3545 itaque
1118 3475 1224 3528 litterae

129 3547 249 3618 primum
267 3544 303 3596 ad
325 3546 503 3607 Hermanum,
535 3543 733 3612 Longibardiae
762 3543 877 3609 ducem,
894 3546 983 3610 miait;
1006 3546 1070 3597 dein
1091 3547 1170 3599 etiam
1188 3547 1224 3599 ad

129 3634 226 3688 papam
238 3619 387 3667 llomanum
400 3625 427 3668 et
436 3614 554 3678 Erbium,
570 3616 678 3684 Capuae
688 3614 928 3685 archiepiscopum,
940 3615 976 3667 ad
989 3615 1125 3685 principes
1144 3634 1224 3688 prae-

129 3698 202 3741 terea
221 3696 250 3739 ct
261 3687 425 3738 Gallicarum
442 3686 581 3755 regionum
596 3685 678 3739 duces
690 3704 798 3751 omnce;
818 3703 919 3756 eosque
938 3686 1016 3739 donis
1036 3688 1102 3740 satis
1120 3691 1223 3757 magnis

129 3770 214 3829 atcpre
233 3757 479 3826 pollicitationibus
496 3756 642 3809 multarum
658 3758 832 3827 largitionum
850 3757 1067 3827 dignitatumque
1090 3758 1143 3811 eibi
1156 3778 1224 3813 con.

131 3830 251 3881 cilianclo
269 3828 304 3879 ad
327 3827 429 3880 bellum
448 3826 574 3879 adversus
593 3828 740 3881 Robertom
760 3828 935 3891 concitabat3
953 3846 1067 3898 quorum
1087 3831 1134 3881 alii
1155 3832 1223 3882 ami·

131 3904 221 3953 citiam
242 3898 305 3951 huic
324 3900 375 3951 iam
396 3900 593 3959 renuntiarunt,
613 3899 676 3963 alii,
695 3900 717 3951 si
734 3900 812 3969 plura
830 3900 996 3967 acciperent,
1015 3899 1133 3968 polliciti
1150 3909 1222 3954 sunt.

130 3990 196 4041 prae
224 3971 270 4023 his
300 3980 389 4023 autem
421 3968 546 4021 omnibus
573 3986 631 4023 cum
654 3970 813 4024 Alemaniae
843 3986 949 4039 regem,
967 3970 1103 4041 quidquid
1121 3972 1223 4034 vellet,

129 4052 224 4097 contra
243 4040 392 4095 liebertum
419 4040 550 4109 perficere
583 4057 664 4109 posse
689 4042 872 4109 intelligeret,
900 4041 999 4093 litteris
1028 4040 1112 4094 semel
1139 4050 1223 4111 atque

128 4114 226 4166 iterum
242 4113 346 4175 miecio,
373 4110 481 4165 blandis
505 4111 594 4164 verbio
618 4113 812 4183 promissioque
827 4111 913 4163 omnis
931 4114 1035 4181 generis
1054 4129 1115 4164 eum
1133 4120 1224 4165 tenta·

127 4182 191 4255 διελς
207 4200 294 4259 mena
309 4180 357 4235 nbi
373 4198 431 4237 non
449 4181 639 4237 abhorrentem
656 4182 727 4236 vidit
743 4192 772 4237 et
788 4183 922 4236 voluntati
946 4199 1012 4239 suae
1028 4182 1142 4253 obsequi
1159 4182 1223 4254 pol-
