2984 4800
268 261 360 324 mv
383 201 392 215 ·
586 253 752 318 Dnvtms
789 251 1031 318 nosscuntur

268 467 326 531 que
345 441 502 528 Principes
522 439 664 521 indulget.
680 415 830 502 Corciatus
851 441 945 502 lector
965 441 1122 501 historiam
1142 439 1206 500 suis
1225 459 1363 502 momen-

269 549 319 620 tis,
338 565 398 604 non
407 543 570 604 Auctorem
591 539 753 622 affectibus
770 539 938 622 ponderet:
972 541 1112 601 Tacitum
1131 553 1160 600 et
1181 539 1361 602 Suetonium

268 645 413 704 adversm
429 643 575 703 Glsrrsmm
588 653 618 702 et
633 641 820 702 Cluistianos
836 642 971 716 iniiuios,
987 640 1124 701 mnibus
1138 652 1235 700 tamen
1254 644 1362 701 excuti

271 764 331 804 non
354 745 501 826 patimur.
543 742 611 824 Quo
632 737 742 801 ordine
765 739 853 822 apud
868 742 1047 823 posteriores
1072 739 1206 799 Graecos
1226 741 1367 800 Romani

270 863 387 920 omnes,
408 843 536 912 scimus;
553 840 646 901 Anna
664 851 818 922 praeterea
835 840 982 922 proprias
995 859 1028 899 se
1043 838 1109 898 odii
1128 860 1231 900 carues
1251 840 1365 900 tabem

270 942 480 1018 existimabat,
513 939 596 1024 quod
618 939 783 1020 Gregorius
803 940 950 1018 Pontilex
976 939 1155 999 acerrimum
1175 939 1289 1000 Alexii
1305 941 1365 997 lio·

270 1054 344 1102 stem
355 1042 515 1102 liobermm
529 1039 740 1116 Guiscanlum,
757 1053 880 1122 patrem
892 1039 1067 1116 boemundi,
1088 1057 1173 1120 quern
1194 1038 1251 1097 illa
1268 1039 1363 1098 etiarn

271 1139 399 1222 mirifice
419 1139 583 1200 insectatur
600 1153 629 1201 et
659 1140 805 1220 exagitat,
830 1140 862 1200 in
883 1140 1048 1199 amicitiam
1080 1150 1236 1221 receperat.
1278 1137 1364 1196 Ber-

273 1241 371 1302 toldns
393 1237 622 1301 constantiensis
649 1261 728 1300 enno
755 1237 841 1302 1084
869 1241 941 1299 baec
959 1238 1052 1298 babet.
1095 1237 1149 1296 llis
1169 1236 1365 1318 temporibus

274 1339 634 1422 Constantinopolitsnus
657 1339 818 1400 maximam
845 1339 1008 1421 pecuniam
1029 1337 1179 1399 Heinrico
1201 1335 1364 1418 quondam

271 1441 349 1524 Regi
373 1441 546 1518 transmisit,
569 1451 603 1501 ut
616 1438 831 1501 Ruodbertum
845 1438 1056 1514 Wiscardum,
1077 1436 1188 1498 ducem
1199 1436 1364 1498 Calabriae

273 1549 306 1603 et
328 1541 478 1623 Apuliae,
500 1541 699 1602 coniuratum
719 1538 850 1601 militem
871 1536 987 1598 domini
1011 1537 1134 1619 Papae,
1154 1536 1186 1597 in
1208 1535 1364 1597 ultionem

272 1639 406 1702 eiusdem
422 1640 512 1724 Regis
531 1640 613 1703 bello
636 1648 808 1722 appeteret.
851 1638 928 1699 Nam
940 1636 1140 1700 Ruodbertus
1161 1637 1220 1697 iam
1242 1634 1363 1698 dudum

272 1741 347 1803 fines
372 1741 793 1822 Constantinopolitanorum
823 1738 949 1816 invasit,
978 1741 1154 1820 iterumque
1173 1736 1249 1798 illud
1269 1757 1364 1818 expe-

273 1838 421 1900 ditionem
439 1861 566 1901 movcre
582 1839 747 1923 disposuit:
768 1838 821 1900 sed
835 1838 997 1900 Heinricus
1013 1847 1167 1920 acceptam
1188 1817 1364 1918 pecuniam,

273 1960 336 2001 non
371 1940 402 1999 in
428 1939 624 2022 procinctum
662 1949 774 2001 contra
803 1939 1040 2016 Ruodbertum,
1069 1936 1155 2020 qnod
1178 1937 1364 1998 'iuramento

272 2039 439 2122 promisit,
460 2039 513 2102 sed
535 2041 575 2102 sd
596 2038 824 2100 conciliandum
855 2038 913 2099 sibi
935 2038 1043 2120 vulgus
1064 2039 1279 2098 Romanorum
1303 2037 1364 2096 im.

272 2137 392 2222 pendit.
437 2137 512 2200 Cum
547 2139 667 2203 Urbano
694 2138 804 2200 deinde
831 2135 982 2222 Pontifice
1008 2137 1141 2200 Alexim
1173 2138 1207 2198 in
1233 2138 1365 2218 gratiam

274 2241 366 2302 rediit
383 2261 462 2302 aureo
488 2237 575 2300 1089.
599 2253 631 2300 ut
659 2239 738 2300 iclem
765 2238 923 2309 Bertoldiu
942 2237 1038 2298 babet.
1091 2239 1244 2299 Dominus
1276 2237 1363 2320 Papa

274 2339 651 2421 constantinopolitanum
681 2337 720 2399 ab
744 2337 1063 2399 excommunicatione
1078 2357 1136 2420 per
1157 2337 1271 2422 legatos
1290 2359 1363 2401 snos

276 2440 418 2501 absolvit.
463 2441 545 2522 Quin
566 2460 607 2501 esc
621 2438 774 2499 Casinensi
792 2440 894 2500 cirron.
918 2432 949 2499 4.
969 2460 994 2497 c.
1016 2432 1068 2499 48.
1091 2440 1275 2521 colligimus,
1297 2461 1363 2499 eum

270 2540 455 2626 postmodum
479 2538 648 2599 Occidentis
668 2536 830 2623 Imperium
849 2562 870 2598 a
891 2537 1032 2599 Pascliali
1053 2538 1139 2600 Pont.
1164 2560 1288 2623 sperum
1308 2562 1366 2601 aie·

274 2662 347 2700 nun.
390 2638 510 2699 Alexius
533 2638 707 2719 imperator
735 2638 958 2699 strenuissimos
986 2660 1022 2699 ex
1049 2660 1105 2699 suo
1127 2637 1260 2722 imperio
1280 2639 1363 2700 viros

276 2740 408 2801 Romam
428 2760 498 2799 cum
519 2737 578 2799 suis
602 2738 709 2799 litteris
731 2739 830 2816 misit,
853 2740 963 2821 quibus
984 2760 1014 2799 se
1035 2738 1180 2799 iniuriam
1199 2740 1238 2800 ab
1260 2740 1365 2821 Impa-

283 2847 390 2901 ratore
413 2838 527 2900 illatam
548 2838 694 2899 Pontifici
723 2848 818 2921 atque
840 2838 1003 2917 Romanis,
1024 2837 1167 2926 dolenter
1185 2838 1302 2899 audisse
1320 2842 1364 2897 si-

275 2940 439 3024 gnificans,
471 2938 581 3021 agebat
608 2938 809 3019 postmodum
829 2940 960 3021 gratias,
979 2960 1093 3022 eosque
1114 2938 1260 2999 laudabat
1280 2936 1366 3020 qnod

274 3038 410 3102 viriliter
442 3037 484 3099 illi
521 3038 720 3099 obstitissent.
769 3042 870 3121 Atque
902 3039 943 3099 ob
974 3038 1022 3119 id,
1049 3038 1074 3098 si
1105 3037 1229 3099 illorum
1248 3038 1365 3097 animos

275 3147 401 3222 paratos
422 3141 644 3221 promptosque
665 3138 803 3200 sensisset
817 3144 864 3214 (ut
882 3138 939 3198 sibi
962 3139 1023 3198 iam
1044 3138 1162 3200 dudum
1182 3140 1365 3201 nunciatum

278 3240 391 3312 fueret)
415 3238 493 3300 velle
516 3239 625 3315 veles,
647 3238 696 3299 vel
718 3242 865 3299 loannem
884 3259 982 3315 suum,
1004 3238 1085 3299 insta
1108 3260 1226 3299 morem
1243 3238 1365 3320 prisco.

276 3360 347 3402 rum
372 3336 508 3399 fidelium
529 3340 772 3423 Imperatorum,
795 3360 945 3400 asummo
961 3338 1114 3400 Pontifice
1133 3340 1250 3399 Romae
1270 3360 1365 3398 coro.

278 3461 351 3499 nam
373 3438 499 3521 Imperii
519 3458 649 3499 sumere.
693 3438 808 3500 Verum
828 3460 863 3499 eo
882 3436 1045 3499 redeamus
1051 3462 1064 3515 ,·
1090 3453 1122 3500 ut
1142 3439 1257 3501 Annae
1264 3436 1366 3523 fidem

275 3540 308 3599 in
330 3543 377 3615 iis,
398 3544 473 3625 qiiae
493 3553 600 3602 corura
621 3551 739 3601 nostros
762 3542 875 3622 scripta
904 3539 1034 3624 reliquit,
1057 3552 1218 3622 praestare
1238 3558 1298 3598 non
1318 3538 1367 3595 lu·
1395 3563 1401 3573 =

277 3640 335 3717 bet,
358 3640 405 3700 ita
425 3655 454 3703 et
476 3661 604 3719 eorum,
632 3661 713 3724 quae
732 3642 829 3701 nostri
846 3638 1000 3701 aduersus
1019 3639 1167 3699 Aleaium
1185 3636 1278 3720 pleno
1295 3636 1367 3695 lior-

276 3758 327 3799 reo
348 3742 483 3801 remensi
499 3755 576 3815 sunt,
599 3742 818 3802 auctoritatem
839 3739 1028 3821 defufflmusf:
1051 3758 1124 3799 nam
1137 3738 1265 3817 largiter
1283 3736 1366 3795 lianc

277 3834 446 3900 Conmenae
469 3840 592 3902 retulere
621 3842 760 3923 gratiam,
790 3840 871 3925 quod
887 3842 1036 3925 sequentia
1056 3839 1171 3923 aliquot
1189 3836 1258 3898 loca
1277 3833 1367 3895 doce·

277 3934 356 4018 biarzt,
379 3940 498 4023 longtem
516 3942 612 4003 uisum
631 3942 732 4003 onmia
753 3940 929 4002 exscribere.
1470 3948 1474 3955 '
