2984 4800
258 251 383 314 llllVlll
586 243 780 310 Luuovlct
811 241 1012 310 sertorem
1089 270 1093 276 ¹

257 429 369 502 quam
389 401 516 476 Graeci
541 403 695 501 exempli
717 401 1009 497 similitudinem,
1031 425 1075 473 eo
1101 398 1217 497 luerat
1240 411 1348 496 opta·

257 529 341 620 tius,
363 524 467 623 quod
479 523 679 598 Alexander
693 525 986 622 Diesterwegius,
1008 523 1205 620 discipulus
1221 548 1344 620 quon-

256 647 340 720 dam
367 672 481 744 meus,
506 673 606 720 suam
632 648 721 722 mihi
741 673 891 746 operam
916 645 964 722 ad
988 671 1121 720 noram
1144 643 1346 744 parandam

255 773 352 844 ultro
377 773 560 868 pollicitus
585 785 669 844 erat.
730 772 880 870 lamque
912 772 1049 844 iuvenis
1074 771 1247 868 egregius,
1272 791 1348 866 qua

256 907 333 966 erat
356 894 542 994 diligentia
566 893 753 990 animique
785 894 984 988 alacritate,
1009 893 1247 966 exantlaverat
1279 889 1347 961 ali·

256 1031 436 1116 quantum
457 1017 613 1110 laboris,
633 1029 744 1114 atque
769 1017 879 1089 etiam
908 1016 1105 1090 nonnullos
1124 1017 1239 1109 locos,
1262 1037 1346 1085 cor-

255 1142 477 1237 ruptelarum
499 1140 582 1213 labe
605 1139 772 1237 allectos,
797 1137 925 1214 eadem
945 1163 1059 1236 opera
1082 1135 1131 1212 ad
1152 1137 1344 1212 sanitatem

255 1261 455 1360 redegerat,
480 1287 576 1358 cum,
602 1286 699 1358 ecce,
720 1286 821 1336 mors
842 1263 920 1335 eius
932 1262 1138 1355 immatura,
1158 1283 1254 1358 quae
1276 1258 1345 1330 tri·

253 1387 317 1458 stis
349 1399 386 1456 et
414 1386 544 1458 acerba
583 1386 690 1458 nobis
731 1383 886 1481 accidit,
920 1385 1055 1482 incepti
1096 1380 1343 1482 persequendi

254 1531 356 1603 spem
383 1531 531 1580 omnem
553 1508 690 1580 evertit.
750 1508 876 1606 ltaque
911 1508 989 1605 ipse
1023 1505 1071 1580 dc
1095 1507 1236 1604 integro
1264 1530 1343 1579 rem

176 1633 178 1642 ’
252 1651 458 1724 aggressus,
494 1627 688 1726 legentium
718 1630 863 1702 utilitati
903 1630 1061 1702 maxime
1091 1631 1340 1702 consulturum

250 1773 310 1822 me
334 1753 527 1846 putabam,
557 1752 609 1846 si,
644 1767 821 1849 quantum
854 1753 1102 1826 atemeritate
1134 1777 1177 1824 ac
1196 1750 1341 1822 lascivia

251 1871 449 1946 decessoris
469 1876 542 1947 mei
558 1876 732 1969 abessem,
756 1888 899 1948 tsnmm
917 1875 1168 1948 morositatem
1193 1873 1338 1946 illorum

252 1995 490 2092 interpretum
502 1997 674 2096 lugerem,
700 2000 765 2097 qui
791 1999 938 2098 singulis
949 1996 1231 2072 annumerandis
1256 2021 1337 2069 ver-

252 2121 310 2194 bis
335 2120 446 2194 fidem
480 2133 646 2192 constare
678 2121 885 2218 opinantur.
946 2120 1048 2192 Hanc
1072 2114 1338 2216 interpretandi

249 2243 358 2338 viam,
385 2266 481 2341 quae
505 2243 599 2316 inter
623 2241 712 2314 duas
733 2244 889 2315 maxime
903 2241 1061 2316 diversas
1079 2244 1155 2316 sola
1175 2240 1224 2314 ad
1247 2264 1336 2337 pro·

251 2365 413 2439 babilem
431 2363 617 2461 scriptoris
641 2365 836 2463 imaginem
862 2364 995 2438 ducere
1017 2366 1109 2439 mihi
1133 2364 1338 2457 ridebatur,

251 2488 375 2581 omni,
399 2512 472 2584 qua
496 2489 622 2583 potui,
646 2489 850 2561 constantia
878 2503 1003 2562 tenere
1027 2488 1168 2582 studui,
1193 2512 1235 2561 ac
1265 2487 1336 2559 nisi

248 2612 357 2708 plane
370 2611 523 2707 turpiter
548 2612 587 2683 in
606 2611 812 2685 alterutram
837 2626 978 2710 partem
995 2612 1155 2711 peccari,
1177 2637 1254 2684 non
1269 2636 1334 2683 re-

248 2731 404 2809 rendum
432 2734 521 2828 erit,
546 2736 691 2834 opinor,
712 2762 761 2809 ne
788 2739 896 2835 aequi
921 2738 1086 2831 lectores,
1111 2737 1142 2809 si
1167 2760 1261 2832 quae
1279 2736 1333 2807 le·

248 2860 350 2932 viora
375 2869 491 2929 errata
515 2854 844 2957 deprehenderint,
873 2886 950 2933 non
973 2857 1218 2932 condonanda
1246 2882 1334 2930 cen-

250 2994 363 3057 seant.
414 2978 581 3055 Ceterum
602 2984 841 3083 Argumenta,
872 2983 1019 3081 siugulis
1051 2982 1153 3057 libris
1175 3006 1334 3081 praepo-

248 3108 336 3201 sita,
360 3130 454 3179 nova
479 3107 617 3204 etipsa
641 3120 736 3182 sunt.
794 3106 965 3179 libenter
987 3130 1181 3179 servassem
1201 3118 1335 3198 vetera,

251 3231 322 3305 nisi
343 3256 465 3303 rerum
487 3234 533 3305 ab
557 3232 661 3305 Anna
683 3244 907 3305 narratarum
939 3231 1070 3302 seriem
1094 3254 1225 3327 parum
1247 3253 1333 3325 per-

247 3356 372 3450 spicue
399 3351 643 3427 ostenderent.
703 3353 743 3425 ln
768 3352 858 3424 meis
889 3350 1083 3447 praecipua
1106 3362 1248 3421 tantum
1271 3350 1332 3423 hi-

249 3477 381 3549 storiae
405 3478 523 3574 capita
547 3476 767 3572 indicantur,
791 3499 906 3574 quse,
931 3498 1006 3571 quo
1022 3472 1252 3546 commodius
1272 3496 1332 3544 re-

249 3600 361 3695 periri
394 3613 563 3694 possent,
595 3600 703 3671 otiam
735 3600 775 3672 in
801 3612 902 3672 textu
926 3595 1063 3669 Graeco
1090 3597 1250 3671 numeris
1274 3595 1332 3668 di-

249 3718 463 3817 stinguenda
488 3723 619 3795 curavi.

275 3854 277 3861 ’
348 3844 375 3915 Ε
400 3844 541 3917 Possiui
564 3846 762 3940 Glossario,
786 3842 889 3942 quod
913 3860 998 3943 post
1022 3844 1196 3943 Ducangii
1221 3840 1332 3913 Corn-

249 3968 466 4061 mcutarios,
500 3968 623 4041 nobile
654 3968 744 4041 illud
778 3968 993 4043 eruditionis
1024 3979 1306 4043 monumentum
1318 4019 1332 4060 ,

249 4091 359 4165 nemo
397 4091 499 4165 lacile
531 4093 709 4189 integrum
747 4094 933 4192 requirat,
958 4094 1104 4168 resectis
1137 4092 1331 4166 verborum
