2984 4800
459 292 915 364 arnxuursus.uu.o.
1145 264 1233 373 4¹9

145 440 293 509 τοιούτου
313 440 430 533 stridore
459 439 641 521 διάζευξιν,
667 442 725 503 onix
751 432 812 503 οἶδ’
832 434 933 520 ὅπως,
963 440 1069 525 ᾑτεῖτο
1088 436 1144 504 τδν
1164 437 1236 506 otta

146 545 286 625 δοθῆναί
305 538 334 605 οἱ
365 542 641 625 ἐπαναστρέφοντι.
685 536 701 601 δ
724 542 760 602 δὲ
780 539 988 622 αιίτοκροὶτωρ
1007 542 1133 602 ἀνένευε
1154 537 1235 621 πρὸς

143 646 245 705 τοῦτο.
287 632 555 723 σχηματιζόμενος
588 641 623 703 δὲ
643 638 660 701 o‘
681 642 712 703 Γ
712 640 813 720 αβροῖς
834 632 937 701 ἑκοντὶ
951 640 1060 701 τοῦτον
1081 644 1327 716 saraim-Patr

101 740 108 753 ”
143 741 253 804 uersu
273 742 329 805 καί
345 742 385 824 τῇ
404 740 461 800 τοῦ
482 736 712 821 αὐτοκράτορος
742 731 785 799 τοὶ
813 732 945 811 κατοῖ,τδ
970 737 1098 799 παιδίον
1117 736 1235 799 α’ναθέ·

112 842 223 905 ὅσθαι
244 836 361 923 γνώμῃ,
383 835 454 899 ε’πεί
472 834 704 916 συνταξάμενος
725 837 816 922 adrui
837 832 958 918 οἷποίρτι
977 838 1034 898 τοῦ
1053 836 1233 912 Βυζαντίου

141 941 258 1017 ἐξιέναι
280 933 416 1017 ἔμελλεν,
443 930 605 1019 ὑπεδέχθη
625 934 713 1018 παρὰ
735 936 794 998 τοῦ
814 929 1103 1015 σεβαστοιιροὶτορος
1124 930 1178 995 διδ
1197 932 1232 996 τό

141 1038 430 1119 παρακολουθῆσαν
457 1036 552 1117 κῆδος
582 1032 636 1096 καί
661 1032 700 1115 ἢν
729 1027 810 1115 πρὸς
845 1030 942 1097 αδτδν
974 1033 1009 1094 ἐκ
1028 1035 1164 1113 ταυτησί
1180 1035 1235 1113 τῆς

142 1137 248 1209 αι’τίας
277 1130 352 1215 ἔσχε
380 1133 569 1215 συνήθειαν,
588 1130 668 1196 ἔνθα
686 1129 721 1196 τδ
754 1134 812 1195 τοῦ
831 1129 1112 1213 μεγαλομοίρτυρος
1135 1132 1234 1192 Φακιῖ

141 1237 269 1313 τέμενος
286 1234 436 1314 ἵδρυται·
476 1231 662 1313 προάστειον
680 1256 711 1296 τι
741 1232 835 1294 τοῦτο
855 1227 929 1309 περί
949 1227 1006 1311 τὴν
1026 1232 1233 1310 Προποντίδα

92 1332 337 1413 ιοδιακειζαενον
363 1334 559 1413 περικαλλές.
613 1332 758 1411 δαψιλῶς
781 1322 836 1393 οὖν
858 1327 958 1391 advari
977 1349 1039 1389 που
1052 1326 1234 1408 εδωχηθέν-
1248 1320 1264 1348 ⁸

139 1456 203 1514 τες,
224 1430 240 1495 ὃ
262 1434 321 1511 μὲν
352 1430 612 1513 σεβαοτοκρδτωρ
642 1427 722 1512 πρὸς
742 1428 777 1492 τὸ
798 1422 978 1505 Βυζάντιον
998 1424 1138 1510 ἐπανῄει,
1157 1423 1174 1485 δ
1196 1426 1233 1487 δὲ

138 1533 194 1596 τὸν
213 1527 286 1594 υίδν
305 1530 404 1593 adra&
431 1529 533 1613 ᾐτεῖτο
563 1524 844 1611 παραχωρηθῆναί
860 1522 891 1587 οῖ
912 1522 967 1587 καί
984 1525 1025 1608 τῇ
1043 1526 1110 1602 μετ’
1131 1517 1232 1601 αιίτήν

138 1638 280 1693 συνεῖναι
303 1627 400 1715 αὐτῷ.
444 1624 511 1691 ὅδ’
534 1624 634 1703 sitis
661 1630 836 1690 κατένιυεν.
856 1618 875 1685 ὅ
897 1625 933 1686 δὲ
950 1618 1099 1692 πολλάκις
1120 1616 1257 1702 ῥηθείςΒ

138 1732 171 1794 Γ
170 1732 269 1812 αβρᾶς
278 1778 288 1809 ,
321 1732 392 1792 ἐπεί
422 1729 461 1813 τῇ
490 1730 555 1807 μετ’
585 1723 686 1808 αὐτὴν
718 1721 916 1806 χωριζεσδαι
945 1713 1006 1803 ἤδη
1036 1722 1096 1783 τοῦ
1116 1717 1231 1791 παιδὸς

90 1828 268 1909 ιόἔμελλε,
296 1826 369 1902 τούς
394 1824 615 1907 παιδαγωγοδς
648 1822 737 1905 ἠξίου
770 1824 973 1901 συνέψεσδιιί
998 1816 1028 1882 οἱ
1056 1820 1153 1898 μέχρι
1172 1818 1230 1879 τοῦ

138 1929 345 1991 Σωσθενιλιυ·
388 1929 471 1988 κεῖθι
491 1921 551 2006 γὰρ
573 1920 682 2002 ἔμελλε
702 1922 929 2001 κατασκηνοῦν.
970 1914 1001 1979 οὶ
1022 1918 1057 1979 δὲ
1077 1912 1229 1979 κατανεύ-

136 2049 249 2101 σαντες
282 2024 482 2110 συναπῂεσαν
513 2022 583 2103 μετ’
605 2024 719 2100 αυτοῦ,
742 2010 816 2105 κᾷθ’
836 2014 939 2090 οδτως
959 2019 1015 2078 καί
1034 2016 1068 2079 ἐν
1088 2017 1131 2101 τῷ
1150 2011 1228 2092 μὲλ-

136 2133 203 2190 λειν
226 2118 322 2201 αὖθις
344 2125 466 2187 ἐκεῖθεν
479 2122 627 2200 α’παίρειν
646 2118 680 2182 ra*
697 2115 777 2181 αδτδ
800 2112 876 2189 τοδς
893 2111 1116 2195 παιδαγωγοδς
1142 2113 1227 2195 ᾐτεῖ-

136 2250 184 2307 το,
209 2227 405 2305 σννέψεοθαι
422 2218 523 2307 τούτῳ
543 2216 598 2283 τὸν
616 2215 688 2282 υἱὸν
708 2216 765 2280 καί
783 2219 881 2296 μέχρι
901 2216 957 2277 τοῦ
971 2213 1096 2300 Φάρου.
1139 2206 1169 2273 οἱ
1191 2211 1248 2272 δὲ·

85 2324 292 2389 αοᾶνένευον.
336 2320 352 2385 δ
377 2324 413 2385 δὲ
435 2318 599 2401 σπλάγχνα
618 2338 653 2381 τε
675 2313 814 2399 πατρικοὶ
837 2311 1051 2395 προεβάλλετο
1072 2310 1127 2371 καί
1146 2311 1226 2369 aino·

135 2423 253 2506 δημίαν
274 2419 402 2504 μακρὰν
421 2423 477 2484 καί
495 2417 634 2482 α’λλάττα
656 2415 809 2496 συνείρων
827 2409 957 2489 τούτοις,
981 2411 1147 2473 κατέκλασε
1167 2406 1226 2479 τὰς

133 2525 199 2586 τοῖν
228 2521 436 2604 παιδαγωγῶν
459 2517 608 2603 καρδίας,
628 2517 685 2579 καί
714 2515 896 2585 πεισθέντες
914 2517 980 2582 τοῖς
1000 2506 1101 2571 αὐτοῦ
1122 2502 1224 2586 λόγοις

207 2751 232 2801 5.
251 2745 324 2816 αδιῷ
341 2745 390 2800 τοῦ
417 2742 522 2814 α’πδρτι
538 2745 692 2805 Βυζαντίου
712 2739 749 2800 Ρ,
771 2737 844 2809 αὐτῷ
860 2735 911 2790 τοῦ
930 2751 981 2786 om.
1001 2733 1030 2795 C,
1051 2729 1155 2802 sindon
1172 2729 1221 2782 rori

205 2821 356 2880 Βυζαντίου
373 2816 406 2880 G,
424 2816 529 2866 omissis
545 2815 637 2865 itidem
657 2811 732 2881 αὐτῷ
747 2809 807 2864 τοῦ.
864 2808 904 2858 ιδ.
922 2808 1049 2862 συνιέναι
1066 2803 1120 2854 CG.
1179 2802 1219 2852 ιε’).

205 2891 256 2942 τοῦ
274 2887 335 2939 add.
357 2886 390 2940 G.
463 2901 502 2952 ¹9·
524 2887 575 2937 καλ
595 2901 647 2936 om.
670 2882 703 2934 G.

132 3101 182 3152 iiie
203 3098 258 3152 sive
274 3114 330 3149 non
351 3097 515 3166 intelligens,
536 3096 592 3146 sive
606 3092 641 3146 ob
656 3093 787 3160 dirempta
806 3102 893 3156 nuper
905 3080 1040 3154 sponsalia
1058 3095 1151 3147 param
1167 3093 1217 3128 ou·

130 3189 208 3232 rans,
237 3169 309 3220 fitius
336 3177 368 3219 ut
384 3185 473 3219 seciun
499 3167 606 3217 ‹iomrrna
627 3165 735 3221 rediret,
760 3157 915 3230 postulavit.
952 3153 980 3205 id
995 3155 1155 3219 imperatore
1173 3165 1216 3197 re-

130 3249 261 3302 cusante,
280 3241 380 3290 Gaurus
398 3257 453 3290 non
473 3238 588 3288 invitum
606 3251 634 3286 se
653 3235 740 3284 facere
760 3229 898 3289 simulans,
925 3232 956 3274 ut
972 3224 1057 3273 titium
1079 3220 1216 3293 relinque-

131 3319 173 3362 ret
200 3320 227 3362 et
254 3311 420 3379 imperatoris
448 3309 549 3360 tutelae
573 3306 770 3362 committeret,
798 3317 857 3349 eum
883 3296 973 3346 valere
998 3292 1069 3341 hunc
1094 3291 1216 3338 iussisset

130 3382 239 3452 iamque
268 3382 394 3446 Byzantio
420 3379 583 3430 discessurus
602 3383 688 3436 esset,
713 3390 727 3422 a
755 3370 966 3422 sebastoeratore
989 3370 1101 3431 propter
1125 3357 1213 3421 attini-

130 3453 195 3504 tatis
213 3452 431 3502 coniunctionem
456 3459 484 3501 et
499 3457 588 3498 natam
617 3444 679 3496 inde
711 3441 922 3492 familiaritatem
950 3434 1069 3501 hospitio
1087 3436 1214 3495 acceptus

130 3530 174 3573 est
192 3521 225 3571 sd
248 3521 336 3590 magni
356 3521 478 3587 martyris
492 3517 604 3578 Phocoe,
624 3517 651 3564 iu
671 3513 825 3564 suburbano
843 3506 1024 3577 pulcherrimo
1041 3501 1076 3551 ad
1095 3500 1215 3567 Propon-

131 3592 217 3644 tidem
236 3595 296 3643 sito.
333 3591 380 3642 ubi
399 3607 459 3641 cura
479 3591 589 3658 opipare
606 3591 695 3636 essent
713 3582 832 3651 epulati,
852 3578 1045 3629 sebastocrator
1059 3570 1212 3644 syrianam

132 3661 290 3726 revertitur3
310 3663 379 3712 alter
394 3660 451 3711 dari
474 3657 503 3710 id
521 3658 573 3708 sibi
591 3657 686 3726 potiit,
713 3662 743 3704 ut
762 3653 833 3702 satius
851 3657 960 3718 postero
977 3658 1086 3713 quoque
1104 3641 1149 3689 die
1167 3655 1212 3689 ³0-

128 3749 191 3784 cum
213 3751 264 3784 uua
285 3740 361 3783 esset
398 3730 489 3781 statim
510 3727 821 3778 annuitsebastocrator.
858 3728 887 3769 at
904 3720 1014 3774 Gaurus,
1034 3728 1114 3779 quem
1131 3725 1213 3777 saepe

128 3805 254 3866 diximus,
273 3820 331 3854 cum
349 3798 480 3871 postridie
493 3800 543 3849 ianr
563 3797 725 3847 discensurus
745 3792 831 3842 afiiio
849 3796 929 3848 esset,
947 3785 1115 3854 paedagogos
1133 3782 1212 3848 pueri

127 3875 239 3942 rogavit,
258 3883 289 3924 ut
307 3874 499 3924 comitarentur
518 3885 545 3919 se
564 3883 650 3935 usque
676 3864 710 3915 ad
729 3861 917 3921 Sosthenium3
943 3857 981 3906 ibi
1000 3855 1071 3904 anim
1090 3852 1213 3901 divorsu-

127 3962 173 3995 rus
192 3953 256 3994 erat.
303 3953 453 3995 annuentes
471 3941 510 3990 itti
532 3957 584 3990 una
605 3938 689 3986 ibant.
712 3951 772 3984 cum
794 3940 823 3982 et
846 3930 909 3979 hinc
931 3923 1122 3976 discedendum
1142 3922 1211 3981 suit,

126 4015 198 4065 idem
218 4013 384 4083 paeaiugogos
404 4013 518 4080 rogavit,
539 4015 569 4060 ut
590 4009 675 4058 titium
701 4004 735 4053 ad
753 4002 866 4054 Pharum
884 4015 970 4066 usquo
991 4012 1020 4045 se
1038 3994 1113 4062 sequi
1135 4001 1212 4058 pate·

126 4093 228 4136 rentur.
246 4082 274 4135 id
299 4085 339 4134 illi
359 4099 490 4134 recusare.
526 4095 616 4132 rerum
635 4079 705 4127 alter
721 4089 837 4124 umorem
857 4077 996 4137 paternum
1016 4063 1165 4114 obtendere
1183 4067 1212 4110 et

124 4157 230 4209 itineris
254 4155 479 4224 longinquitatem
499 4159 526 4204 et
545 4147 677 4202 eiusmodi
696 4147 750 4199 alia
767 4143 874 4195 addere.
892 4139 1020 4206 itafrogit
1039 4133 1210 4205 paedagogo-
