2984 4800
1129 139 1136 176 l

224 398 228 409 ι
431 310 643 414 nouxrrurs
667 312 743 378 are.
773 314 827 377 rx.
855 315 886 380 o.
1123 280 1210 387 445

130 470 269 553 crepuit,
305 466 358 529 καί
379 461 465 551 αύτῷ
493 464 528 527 δὲ
546 458 587 548 τῷ
611 460 784 551 Νικηφόρρι
813 462 869 547 τὴν
887 462 942 545 τῆς
961 457 1058 546 νόσου
1082 460 1213 545 Κρήτης

132 564 236 650 ιίρχῆν
253 566 383 631 delbora
406 564 451 637 εἰς
472 563 657 645 ἐνδιαίτημα
677 560 767 639 ἴδιον.
818 559 899 627 ύλλύ
919 564 1021 627 ταῦτα
1041 560 1099 642 μὲν
1117 558 1134 625 ό
1152 563 1214 641 βα·

131 665 250 741 σιλεός.
287 664 406 737 τούτων
424 663 459 727 δέ
482 659 498 725 ό
517 663 575 741 uir
595 662 709 743 Λέων,
729 659 932 746 φρονήματος
951 654 997 725 air
1016 661 1141 742 α’γαθού
1159 658 1306 747 auitam

130 767 255 849 γνιόμρς
288 764 476 845 ἐλευθέρας,
506 756 589 843 δριόν
612 762 649 824 δέ
672 760 726 824 κοί
756 756 813 845 τὴν
835 762 991 843 βασιλέως
1021 762 1067 835 εἰς
1095 751 1214 832 αύτούς

103 841 316 944 δεύμέυειαν,
337 857 461 945 ἔστεργε
488 857 546 943 τήν
569 860 747 945 λαχοῦσαν,
769 854 1047 939 ἐπαναπαυόμενος
1070 850 1137 925 οἷον
1160 858 1214 921 ἐπί

131 968 199 1036 τοῖς
219 962 357 1045 παροῦσι
372 955 451 1023 κατὰ
470 959 524 1025 τόν
544 955 672 1023 εἰπόντα
687 954 857 1043 ιιΣπόρτιιιν
877 954 998 1042 ἔλαχες,
1018 954 1138 1021 ταύταν
1161 954 1215 1019 κό-

131 1059 233 1139 σμει.”
285 1054 302 1123 δ
337 1062 373 1123 dd
402 1081 436 1140 γε
463 1053 645 1141 Νικηφόρος
674 1053 825 1142 δύσορμος
852 1056 908 1121 καί
940 1059 1114 1142 βαρύμηνις
1145 1048 1212 1139 ὄν,
1279 1104 1282 1108 ι

133 1161 190 1225 καί
219 1156 463 1241 βυσσοδομεύων
491 1154 571 1221 κατὰ
598 1160 657 1219 τοῦ
685 1155 915 1242 αὐτοκράτορος
936 1159 993 1221 καί
1012 1153 1215 1239 τυραννήσειν

14 1255 21 1263 ’
132 1260 271 1339 μελετῶν
299 1259 355 1321 ούκ
379 1256 528 1323 ἐπαύετο·
576 1255 773 1341 ύποβρύχιον
807 1260 843 1321 δὲ
863 1250 1043 1340 όμοσςέἶχε
1061 1254 1118 1341 τῆν
1137 1260 1213 1337 βου·

85 1356 199 1441 τολήν.
264 1350 324 1441 ἤδη
359 1358 394 1422 δὲ
425 1359 480 1421 καί
511 1356 569 1420 τού
601 1356 692 1441 ἔργον
727 1352 970 1441 ύπαρξόμενος,
1007 1353 1214 1440 γνησιιύτερόν

132 1480 199 1520 τισι
226 1456 431 1538 προσοιμίλει.
477 1456 534 1518 urie
559 1456 709 1519 ἐλάνθανε
734 1459 827 1518 τούτο
858 1453 933 1530 τούς
947 1457 1126 1530 πλείστους·
1172 1457 1213 1517 δι’

132 1547 177 1619 civ
195 1553 250 1617 καί
279 1558 324 1629 εἰς
345 1552 401 1629 τός
422 1551 520 1628 α’κοιὶς
545 1550 667 1639 ἔφθανε
687 1558 744 1618 τοῦ
765 1556 928 1631 βασιλέως.
970 1553 988 1615 δ
1009 1555 1046 1619 δὲ
1065 1550 1239 1636 βασιλεόςμ

132 1652 239 1717 καινόν
259 1678 290 1718 τι
310 1656 423 1741 ποιοόν,
453 1650 732 1733 μεταπεμπόμενος
761 1648 888 1728 τούτους
916 1654 951 1717 ἐν
973 1660 1094 1738 ναιροίς
1113 1650 1211 1736 όρμο·

133 1755 222 1833 δίοις,
242 1754 298 1815 ούιι
311 1754 456 1838 ἐνέφαινε
475 1754 534 1833 μὲν
554 1749 590 1816 τό
609 1752 781 1834 ἀ’κουσθέν,
805 1752 936 1836 εύφυοός
958 1754 994 1817 δὲ
1003 1749 1136 1838 παρῄνει
1159 1754 1214 1815 καί

85 1849 170 1917 ιότό
192 1848 298 1916 εἰκότα
327 1849 541 1932 συνεβούλευε.
596 1848 651 1914 καί
678 1844 740 1937 dorp
769 1853 889 1931 μᾶλλον
915 1854 972 1936 τῆς
991 1852 1159 1933 ἐπιβουλῆς
1178 1851 1212 1915 ἐν

131 1946 244 2033 γνώσει
266 1950 399 2030 ἐγίνετο,
428 1947 561 2037 τοσούτῳ
591 1952 711 2029 μᾶλλον
732 1945 977 2029 ἐλεοδερούτερον
998 1947 1078 2031 πρός
1096 1946 1212 2025 αύτούς

133 2052 304 2129 διετίθετο,
335 2044 420 2113 oriem
446 2046 636 2130 βουλόμενος
656 2044 784 2123 τούτους
812 2051 981 2129 κερδανεῖν.
1003 2049 1088 2113 ’ἀλλ’
1108 2046 1125 2112 ό
1146 2048 1222 2113 Αἶ-Ι

130 2150 212 2230 θιόψ
236 2146 292 2211 odo
312 2146 517 2211 e’lroxbr'aero.
538 2143 629 2226 ἔμενε
652 2146 712 2231 γὰρ
746 2144 765 2208 δ
787 2148 880 2223 αύτός
898 2146 956 2211 καί
972 2148 1136 2228 μετεδίδου
1156 2149 1196 2210 τί
1352 2214 1360 2243 r

97 2326 101 2333 .
131 2242 242 2330 λύμης,
265 2242 391 2321 ὁπόσοις
412 2238 451 2309 δν
472 2250 693 2330 προσεπέλασε,
713 2242 787 2321 τούς
808 2249 867 2326 μὲν
887 2248 929 2310 δι’
950 2242 1065 2331 ὅρκων,
1082 2244 1157 2323 τούς
1174 2172 1213 2310 K

80 2346 172 2418 ποδί
202 2344 403 2427 ύποσχέοειον
432 2344 699 2431 σφετεριζόμενος.
751 2348 807 2408 τοῦ
838 2348 896 2426 μὲν
922 2335 979 2411 ούν
1010 2346 1117 2409 κοινού
1151 2346 1210 2410 τού

131 2449 269 2530 στρατού
290 2443 327 2508 ού
346 2445 494 2509 τοσοῦτον
514 2440 622 2525 ἔμελλε
644 2445 688 2532 τῷ
708 2444 899 2533 Νικηφόρφ·
939 2437 1001 2530 ἤδη
1021 2444 1083 2528 ylio
1106 2441 1209 2510 δπαν-

130 2567 181 2619 τες
211 2541 289 2628 πρός
325 2531 424 2608 α’ύτόν
455 2537 695 2608 ύπονενεόνασι·
747 2542 817 2608 ἀλλ’
838 2540 910 2621 όλος
929 2541 1007 2631 πρός
1027 2543 1103 2621 τούς
1120 2559 1240 2626 prora-c

202 2730 227 2794 4.
244 2727 302 2794 lege
320 2717 421 2781 τεκαὶ.
491 2729 517 2779 6.
534 2729 625 2797 ἔλαβες
637 2729 669 2782 G.
739 2731 840 2796 ταύτην
850 2731 904 2783 CG.
974 2748 998 2798 7.
1015 2728 1153 2800 δόσοργος
1169 2728 1210 2784 air

199 2800 248 2848 καὶ
265 2801 418 2870 βαρύμηνις
438 2798 471 2851 G·
540 2803 566 2852 8.
581 2805 629 2854 καὶ
648 2799 721 2869 prius
737 2818 789 2851 orn.
809 2803 842 2852 G.
908 2811 1056 2871 τυραννεῖν
1074 2803 1210 2872 coppede-

202 2867 259 2920 τιόν
276 2871 325 2922 οδκ
342 2869 485 2924 ἐπαύσατο
504 2868 557 2921 CG.
622 2887 660 2938 ¹7·
678 2871 825 2941 κερδιὶνειν
843 2871 896 2933 PG,
914 2880 985 2922 recte
1003 2872 1032 2923 C.
1088 2887 1131 2921 ar.
1150 2869 1209 2938 lege

204 2937 290 3008 ἔμελε.
379 2954 421 2990 aaa
441 2937 645 2996 ἀπονενεόκασι
661 2938 733 3013 πρὸς
752 2933 838 2997 αὐτὸν
848 2942 880 2993 G.
949 2939 1135 3014 μεγιστόνους
1152 2941 1206 2992 cu.

133 3109 169 3159 ria
186 3114 271 3177 parte,
290 3107 337 3178 qui
350 3109 563 3180 imperatricibus
579 3111 706 3175 debetur,
727 3111 919 3177 defraudabat,
944 3111 1097 3181 Nicephcro
1119 3120 1209 3164 autern

132 3177 185 3248 ἱροὶ
202 3177 379 3253 principatum
400 3182 503 3233 insulae
521 3180 616 3234 Cretae
632 3184 767 3252 proprium
787 3183 871 3236 dedit.
907 3184 946 3235 ita
965 3183 1074 3252 quidem
1092 3184 1208 3252 impera-

131 3257 183 3300 tor.
218 3247 345 3301 iuvenum
363 3259 452 3302 autem
471 3251 555 3315 alter,
575 3255 646 3316 Leo,
673 3252 744 3304 bona
770 3252 862 3305 indole
881 3255 1051 3323 ingenuoque
1071 3251 1207 3322 praeditur

132 3319 238 3381 auimo,
257 3337 315 3370 curn
333 3321 502 3390 imperatoria
528 3323 557 3373 in
575 3340 603 3374 ae
624 3324 761 3375 caritatem
784 3325 956 3394 perspiceret,
973 3334 1047 3377 corte
1064 3331 1207 3376 contentae

133 3389 377 3462 orationumque,
394 3408 448 3461 qua
466 3393 599 3456 utebatur,
626 3395 826 3463 acquiescebat,
849 3394 996 3446 secundum
1014 3394 1098 3446 illud:
1117 3390 1208 3463 ’ἥμισυ

130 3457 184 3512 atti
201 3461 295 3527 Sparta
317 3459 428 3530 obtigit,
445 3479 503 3514 eam
520 3459 610 3516 oma.'’
647 3461 695 3516 aed
711 3464 896 3535 Nicephorua,
917 3473 1012 3518 natura
1029 3464 1162 3533 impotens
1180 3473 1210 3516 et

130 3529 283 3594 iracundus,
301 3533 413 3584 concilia
432 3533 557 3586 adversar
576 3536 764 3605 imperatorem
782 3537 881 3603 agitare
899 3535 1123 3605 tyrannidemque
1141 3537 1208 3586 alle-

130 3607 204 3654 ctare
230 3619 286 3654 non
316 3601 492 3655 desistebat„
516 3605 658 3657 concilium
684 3613 773 3658 tamen
797 3605 911 3657 celabat.
954 3605 1065 3658 tandem
1082 3621 1137 3655 rem
1155 3605 1208 3656 iarn

130 3669 303 3742 aggrediens,
325 3674 492 3726 familiariter
519 3693 578 3726 cum
601 3675 761 3746 quibusdam
780 3675 995 3746 colloquebatur.
1031 3675 1061 3727 id
1078 3677 1208 3727 continuo

129 3741 220 3810 palam
242 3741 340 3801 lactum
366 3753 419 3806 ectr
446 3743 518 3796 undo
545 3759 586 3797 rec
605 3747 681 3797 brevi
703 3745 737 3798 ad
762 3747 929 3814 imperatorie
954 3761 1064 3817 quoque
1082 3746 1209 3798 notitiam

129 3810 263 3881 pervenit.¹
280 3829 370 3866 verum
389 3815 446 3878 ille,
464 3833 532 3868 nora
543 3816 658 3885 quadam
675 3834 738 3868 unua
756 3817 871 3880 ratione,
888 3825 1027 3886 postquam
1046 3833 1094 3868 suo
1112 3834 1209 3888 quem-

130 3897 185 3950 que
219 3889 339 3950 tempore
367 3885 510 3948 arcessivit,
538 3902 593 3939 noa
613 3887 742 3939 indicarit
768 3886 888 3955 quidem,
905 3887 978 3956 quod
996 3885 1143 3951 audiverat,
1161 3886 1210 3940 aed

131 3949 250 4002 salubria
269 3951 345 4005 dedit
361 3957 471 4008 consilia
492 3964 520 4008 et
537 3974 606 4026 quae
624 3974 665 4009 res
685 3957 822 4026 portulare
840 3956 991 4021 videbatur,
1011 3957 1160 4010 admonuit.
1181 3966 1210 4010 et

130 4038 186 4091 quo
206 4021 346 4074 certiorem
365 4027 569 4094 conspirationis
592 4028 772 4096 cognitionem
801 4033 895 4078 nactur
913 4035 986 4089 erat,
1017 4045 1049 4080 co
1068 4029 1209 4080 liberalior

131 4109 190 4143 corn
213 4093 247 4144 iia
272 4093 384 4160 agebat,
410 4098 447 4147 ita
473 4097 525 4149 albi
553 4114 598 4149 eos
618 4099 763 4149 conciliare
787 4098 907 4149 studens.
943 4098 991 4150 aed
1006 4099 1135 4170 Aethiope
1153 4114 1210 4149 non

130 4161 253 4215 albescit.
296 4167 393 4218 manau
418 4167 489 4219 enim
513 4165 584 4220 idem
602 4167 769 4239 Nicephorua
796 4176 825 4221 et
841 4170 999 4239 contagione
1005 4208 1015 4236 ,
1033 4184 1208 4240 quoacunque
