2984 4800
556 273 799 336 anserino.
992 251 995 255 ’
1032 342 1034 346 ,
1113 277 1225 342 reru

139 451 212 508 rere,
231 428 461 512 crploratlsqus
487 447 569 512 quaa
598 427 684 490 circa
705 449 760 490 nos
789 437 900 508 erant,
920 429 1136 514 frequentibus
1156 431 1224 494 illos

138 540 236 593 contra
259 550 317 590 nos
343 527 461 590 nunciis
493 528 640 590 animare.
683 529 741 589 llio
763 538 812 591 est
837 529 994 613 inquiant,
1014 530 1152 613 pertidus
1171 532 1247 614 ille¹

139 631 259 708 Alesios,
281 629 336 713 qui
358 628 486 692 domino
507 626 762 710 suoNicapboro,
785 649 846 712 per
861 629 1061 712 quorundam
1077 631 1223 692 Alamaa.

138 753 241 794 norum
257 727 525 794 conductitiorum
548 727 695 790 auxilium
709 727 851 811 depulso,
864 730 1032 812 Imperium
1050 731 1114 793 eius
1129 755 1222 794 osor..

136 833 227 915 parit,
250 833 394 914 ipsosque
416 830 462 892 sui
484 827 607 890 sceleris
621 839 853 911 cooperatores,
874 830 965 892 erilio
985 830 1148 894 damnatos
1169 855 1222 895 ne-

134 931 193 994 cari
215 931 306 994 iecit:
329 949 469 1013 nuncque
490 950 522 990 se
543 929 623 991 tanti
645 929 722 991 dixit
742 929 846 992 lacere
868 931 1005 992 Francos
1025 954 1096 994 eum
1110 934 1221 996 Turcis

135 1033 320 1114 praeliantes,
343 1031 452 1116 quanti
474 1049 563 1092 canes
585 1029 766 1090 seinvicem
786 1027 974 1093 mordentes.
1017 1032 1222 1096 comantem

34 1135 35 1140 ’
136 1134 248 1216 navigia
269 1132 435 1216 quisquam
455 1131 633 1194 conducere
654 1137 803 1209 tentaret,
824 1128 942 1193 audivit
962 1131 1124 1196 Gaesarem
1145 1135 1220 1196 insi.

136 1233 193 1295 dias
225 1230 401 1316 peregrinis
432 1229 524 1292 etiam
558 1229 591 1290 in
611 1229 690 1290 mari
710 1230 861 1312 posuisse,
895 1231 1069 1316 multasque
1100 1233 1219 1296 dudum

135 1333 235 1396 codem
260 1332 401 1394 facinore
419 1353 509 1393 nares
530 1351 602 1393 aum
623 1330 833 1392 submersisse.
886 1333 1094 1415 Quapropter
1114 1357 1219 1398 omnes

134 1455 197 1495 eom
216 1432 444 1494 maledicebant
469 1439 502 1494 et
531 1430 841 1508 anathematizabant,
862 1452 969 1494 omnes
990 1431 1076 1494 illum
1096 1434 1219 1518 lingone

135 1555 191 1594 non
210 1536 464 1618 imperatorem,
487 1531 541 1592 sed
563 1530 751 1593 traditorem
771 1531 975 1614 appellabant.
1015 1534 1106 1596 Auno
1129 1533 1218 1599 11⁰6.

133 1633 241 1697 invidus
271 1643 304 1696 et
323 1633 462 1695 occultos
483 1641 610 1694 eatenus
632 1631 786 1694 Ecclesiae
805 1642 992 1714 persecutor
1011 1635 1141 1713 Alesios,
1164 1637 1218 1699 diu

133 1744 234 1799 tectam
246 1756 322 1797 suae
334 1731 484 1816 perfidiae
505 1731 674 1794 toxicatam
689 1733 808 1795 rabiem
823 1733 985 1815 evaginat:
1004 1733 1124 1813 ancis,
1145 1736 1217 1818 qui.

133 1836 263 1898 basiam
288 1833 372 1896 nulla
393 1833 444 1894 vel
465 1853 537 1894 rara
561 1833 591 1892 in
603 1833 736 1895 Oriente
757 1833 909 1916 regnandi
928 1853 997 1916 spes
1018 1845 1218 1914 remanserat,

132 1937 317 2000 setutissime
331 1933 487 2012 conciliat,
498 1943 530 1996 et
543 1953 562 1996 o
577 1935 791 2017 turpissimum
803 1935 937 1997 facinus!
960 1938 1112 2012 Nicaeam,
1124 1961 1217 2021 qnam

133 2034 198 2096 olim
226 2036 303 2098 lidei
326 2045 453 2098 nostrae
484 2033 610 2112 turrim,
641 2034 823 2118 dudumque
843 2035 943 2096 multo
969 2037 1218 2100 Christianorum

132 2138 268 2218 sanguine
294 2145 506 2218 comparatam
524 2134 787 2217 praescripsimus,
808 2133 979 2195 Solimanai
1001 2139 1127 2219 tyranni
1147 2139 1217 2199 liliis

132 2237 278 2299 reddidit:
300 2234 455 2298 custodias
469 2234 507 2296 ad
523 2231 757 2316 prohibendum
768 2235 934 2294 transitum
946 2236 1117 2316 peregrinis
1133 2247 1217 2298 terra

131 2339 262 2423 marique
284 2335 455 2399 constituit.
478 2333 572 2396 Cuius
592 2333 699 2395 classes
719 2341 830 2394 contra
845 2333 1056 2396 Antiochenos
1075 2334 1218 2417 directas,

132 2438 179 2519 ipsi
199 2440 284 2502 bello
299 2444 463 2520 ceperunt,
481 2445 513 2498 et
525 2435 557 2495 in
574 2434 785 2497 confusionem
795 2434 912 2512 Alerii,
934 2436 1013 2499 nasis
1033 2446 1127 2521 atque
1148 2439 1219 2521 pol-

131 2538 228 2601 licibus
252 2539 399 2601 omnibus
423 2536 576 2613 abscissis,
597 2558 689 2597 unam
726 2535 766 2597 de
801 2534 921 2618 scaphis
953 2536 1024 2598 inde
1044 2548 1219 2621 onerantes,

132 2638 298 2702 huiusmodi
321 2639 516 2721 pulmentum
537 2635 636 2698 eidem
657 2656 713 2698 reo
737 2634 911 2696 multorum
930 2636 1060 2697 millium
1084 2636 1219 2700 homici-

131 2736 456 2817 dnetransmiserunt.
509 2738 716 2797 Arsearus
749 2736 981 2798 Sranrnsrs
1010 2738 1122 2801 eadem
1142 2742 1219 2819 fine

129 2838 308 2901 adverbum
327 2839 430 2899 babet.
473 2837 590 2897 Orro
613 2836 910 2897 Farsrnornsrs
932 2838 1130 2900 Canonsc.
1153 2840 1216 2903 Lis.

129 2936 189 2999 Vll.
214 2941 286 3001 Car.
309 2940 351 3001 X.
373 2938 493 2999 Alesios
515 2938 691 3019 lmperator
711 2935 943 3017 perfidissimus,
966 2936 1082 2999 iamdiu
1103 2960 1217 2999 conce.

129 3045 205 3117 ptam
226 3037 326 3101 corde
345 3036 493 3099 malitiam
515 3036 617 3097 celare
640 3036 768 3117 amplius
790 3058 855 3097 non
878 3038 991 3115 valens,
1012 3058 1084 3099 com
1095 3039 1216 3116 Turris,

130 3140 176 3219 qui
199 3138 259 3199 iam
280 3160 384 3223 paene
405 3136 560 3219 desperati
582 3144 682 3212 erant,
698 3137 873 3216 turpissime
896 3137 1090 3214 foederatur,
1112 3140 1217 3221 eisque

128 3234 275 3317 Nicaeam,
297 3238 396 3299 multo
429 3246 610 3299 nostrorum
640 3238 787 3319 sanguino
817 3237 1018 3319 acquisitam,
1039 3236 1217 3318 impiissime

130 3338 260 3401 tradidit.
605 3344 609 3351 '

199 3442 434 3503 Gorrarnus
454 3438 740 3499 Virrnsrrnsrs
766 3435 960 3500 Canonsc.
983 3458 1109 3499 asara
1129 3460 1215 3500 xviu.

128 3534 425 3621 Constantinopolim
445 3547 677 3621 pervenerunt,
704 3538 758 3598 ubi
777 3535 912 3599 multum
934 3538 1042 3600 dolum
1064 3547 1097 3599 et
1118 3538 1215 3622 impe.

128 3633 292 3700 alimentum
320 3660 338 3699 a
372 3640 454 3722 Rege
476 3638 582 3699 Alexio
604 3636 751 3721 perpessi.
803 3639 894 3699 Tunc
914 3638 1036 3699 Alerius
1058 3660 1112 3701 rer
1130 3640 1216 3701 Con·

128 3736 426 3821 atratinopolitanus,
452 3737 644 3800 Christianae
663 3738 882 3819 prosperitatis
901 3737 1106 3817 adversariam,
1130 3739 1216 3801 Tur.

128 3854 172 3898 cos
192 3839 222 3899 in
243 3839 492 3923 desperationem
514 3839 718 3920 impositos,
740 3840 774 3898 in
795 3838 961 3899 amicitiam
980 3858 1067 3901 suam
1083 3840 1215 3901 confoe·

127 3930 247 4017 detavit,
271 3940 379 4024 eisque
391 3940 508 4003 turrim
522 3940 676 4017 Nicaeam,
693 3939 945 4001 Christianorum
966 3941 1114 4023 sanguine
1135 3960 1214 4001 con-

128 4036 285 4121 quisitam,
309 4042 471 4104 concessit.
514 4042 766 4103 Mirrnreus
788 4041 911 4103 Panis
940 4062 984 4102 rr
1016 4060 1215 4102 ursronra

126 4156 264 4202 aaroni
289 4162 393 4203 aruo
417 4164 521 4203 urcvr.
545 4142 668 4203 Alesios
690 4151 794 4203 autem
814 4142 988 4223 lmperator
1008 4124 1213 4216 Graecorum,
