2984 4800
676 196 695 224 ὁ

462 314 672 381 alamanis
697 320 875 416 irnsvrn.
902 325 933 388 o,
1150 287 1231 386 ιλιι

156 472 214 532 θεν
235 458 419 547 ιῖξιούμενος
444 466 545 547 τιμής.
598 466 804 545 δυσαρεστιύν
833 466 869 529 δὲ
902 457 970 545 ἅμα
1005 465 1058 527 καί
1086 464 1165 547 πρὸς
1184 460 1239 526 τὸν

158 564 369 647 παιδαγωγόν,
391 566 551 629 ἐσκέπτετο
565 562 644 647 πρὸς
665 562 719 628 τὸν
737 561 818 627 ἴδιον
842 565 993 647 φοιτήσαι
1014 566 1146 645 πατέρα,
1168 563 1239 624 δίον

157 668 278 744 μᾶλλον
302 662 503 745 εὐχαριστεῖν
524 665 701 742 ἐπιμελείας
719 659 874 743 τοσαύτης
895 655 1085 741 ἀξιούμενον.
1126 664 1167 723 ού
1185 662 1241 740 μί·

159 788 216 845 χρι
246 765 281 839 δὲ
301 762 413 826 τούτου
436 762 613 845 περιίστατο
632 760 729 846 τούτῳ
751 756 786 823 τύ
811 758 992 840 βούλευμα,
1014 758 1094 822 atta
1116 757 1172 822 καί
1183 756 1242 842 ἕρ·

130 880 217 944 5γου
239 859 362 945 ἥπτετο.
403 858 586 941 πρασελθύν
607 852 663 923 σύν
677 859 894 921 α’νιιιισινοῦταί
914 880 980 922 τισι
998 856 1035 921 τύ
1057 857 1243 941 α’πύρρνμον.

160 955 243 1044 ήσαν
262 961 298 1023 δὲ
319 953 338 1021 δ
358 980 392 1021 τε
413 961 443 1022 Γ
441 954 570 1039 εούργιος
588 960 646 1023 τού
658 960 809 1031 Δεκανοῦ,
831 955 1010 1029 Ειίστιίθιος
1032 954 1049 1017 δ
1070 958 1244 1039 Καμύτζής

161 1063 216 1122 καί
227 1054 365 1139 Μιχαήλ
387 1054 404 1119 δ
427 1054 574 1139 οἰνοχόος,
597 1054 634 1119 δν
646 1057 701 1119 καί
715 1058 879 1138 πιγκὲρνήν
898 1052 1043 1137 συνήθως
1064 1051 1093 1117 oi
1113 1058 1166 1137 τής
1184 1060 1246 1135 βα-

708 1156 780 1237 δρες
808 1155 843 1217 δὲ
864 1145 950 1216 οὗτοι
969 1150 1198 1234 μαχιμώτατοί
1210 1175 1245 1215 τε

163 1250 219 1315 καί
245 1254 307 1317 τοῖν
336 1255 407 1317 λίαν
435 1254 719 1340 προσῳκειωμένων
753 1253 798 1337 τῷ
824 1255 957 1330 βασιλεῖ.
997 1249 1154 1316 τούτωνί
1176 1255 1245 1316 Μι·

7 1440 11 1447 .
116 1349 248 1435 ,οχαήλ
268 1348 452 1435 προσελθών
474 1352 661 1433 α’παγγίλλει
679 1347 779 1414 πάντα
800 1349 879 1430 πρὸς
897 1346 951 1413 τὸν
966 1349 1189 1433 αύτοκροίτορα.
1229 1349 1275 1453 sip

165 1453 202 1513 at
223 1448 261 1513 ού
282 1446 363 1512 πάνυ
384 1444 543 1513 πιστεύειν
563 1446 661 1531 ἔχων,
687 1444 815 1513 isiacae
838 1446 917 1530 πρὸς
937 1445 977 1512 τοὶ
999 1448 1139 1532 ῥήματα.
1178 1451 1248 1513 ε’πι·

165 1548 309 1628 κειμένου
342 1550 377 1613 δὲ
408 1550 464 1613 τού
486 1550 517 1611 Γ
515 1550 600 1629 αβριῖ
625 1552 683 1612 καί
703 1546 759 1611 τύν
779 1545 920 1630 δρασμὸν
940 1548 1121 1629 ἐπείγοντος,
1143 1544 1174 1612 oi
1194 1548 1249 1611 τιν’-

164 1643 330 1730 νούστερον
357 1643 437 1727 πρὸς
456 1644 511 1711 τδν
531 1644 750 1729 αι’τοκρύτορα
772 1644 963 1725 διακείμενοι
984 1642 1119 1731 ἔφασαν,
1134 1644 1186 1710 “es’
1203 1644 1246 1728 μή

166 1746 208 1807 δι’
230 1736 324 1828 ipseo
344 1743 473 1828 ἡμῖντὸ
494 1747 741 1826 βεβουλευμένον
759 1742 955 1823 πιστιύσειας,
987 1742 1026 1808 ού
1046 1743 1250 1824 συνεψύμεθιί

119 1844 246 1919 ι5σοι.”
285 1846 342 1907 τού
363 1844 398 1907 tt
419 1840 685 1921 κατανεύσαντος,
706 1840 761 1906 τὸν
784 1838 873 1923 ἅγιον
895 1834 978 1926 ἧλον,
999 1844 1038 1905 δι’
1060 1834 1097 1905 osi
1118 1841 1175 1925 τήν
1193 1845 1250 1907 τοῦ

168 1943 248 2021 ε’μού
276 1940 415 2024 σωτῆρος
446 1939 584 2024 πλευρὰν
616 1937 645 2004 οἱ
679 1936 791 2020 ἄνομοι
821 1938 955 2017 ἔνυξαν,
983 1940 1183 2005 ὑπεδείκνυον
1212 1932 1250 2004 οὗ

167 2037 291 2123 ἔκειτο,
316 2038 560 2121 βουλευσάμενοι
590 2040 810 2120 ἀναλαβέσθαι
834 2042 888 2101 καί
914 2040 1084 2121 ἐξαγαγεῖν,
1106 2035 1186 2102 ιύστε
1207 2040 1252 2113 εἷς

167 2138 224 2202 τὸν
246 2142 289 2203 δι’
320 2140 421 2202 αύτοῦ
453 2140 613 2223 τρωθέντα
639 2135 880 2218 ίπωμύσασθαι.
929 2141 1069 2201 πείθεται
1090 2135 1250 2212 τούτοιςδ

169 2240 200 2303 Γ
198 2242 313 2323 αβριῖς,
335 2240 388 2301 καί
416 2234 567 2303 είσελθιδν
598 2233 858 2317 ἀντιλαμβάνεται
892 2236 1054 2320 λαθραίως
1085 2232 1139 2299 τύν
1161 2232 1250 2319 ἅγιον

118 2330 256 2422 Μήλαν.
277 2330 322 2413 εἷς
343 2338 378 2402 δέ
402 2360 450 2412 τις
477 2340 539 2401 salv
560 2329 886 2420 apasosayyesla'vrsav
905 2337 948 2422 τῷ
969 2333 1177 2416 αύτοκρύτορι
1196 2334 1281 2418 vive

172 2435 290 2521 βουλήν
309 2440 456 2522 δρομαῖος
486 2433 638 2500 εἰσελθών
665 2432 745 2520 ἔφη,
767 2430 809 2510 nic
832 2434 852 2458 “
862 2435 910 2498 ἴδε
930 2439 986 2498 καί
1006 2432 1023 2498 o‘
1041 2437 1072 2498 Γ
1070 2438 1179 2522 αβριῖς,
1200 2438 1256 2498 καί

174 2534 192 2599 ὅ
216 2529 288 2619 ἧλος
309 2532 469 2618 ε’γκύλπιος
492 2533 603 2618 αιίιβ.”
643 2535 699 2596 καί
717 2535 931 2615 παραχρῆμα,
955 2531 1183 2616 ἐπισκήψαντος
1199 2535 1255 2595 τοῦ

176 2634 416 2718 πύτοκρύτορος,
434 2631 488 2696 καί
507 2631 523 2696 δ
544 2637 574 2697 Γ
573 2636 674 2718 αβριῖς
688 2633 841 2714 εἰσήγετο,
861 2629 945 2695 καὶὸ
967 2624 1042 2715 ἧλος
1061 2635 1118 2695 τοῦ
1139 2631 1255 2696 κόλπου

248 2815 273 2878 4.
291 2807 469 2880 περιίσταται
486 2807 519 2858 G.
597 2809 623 2858 6.
641 2825 675 2856 an
694 2805 845 2878 Καμίτζήῒ
927 2823 965 2857 ιι.
984 2804 1124 2859 πιστεύων
1141 2807 1194 2869 PG,
1214 2823 1258 2858 se-

249 2880 340 3005 {pilot¹3
360 2948 393 3000 G.
409 2882 447 2932 ι6.
464 2877 640 2934 ὑπεδείκνυτο
661 2877 715 2928 CG.
801 2895 840 2947 ¹9·
860 2875 1052 2948 ἀναλαμβάνει
1070 2876 1123 2927 CG.
1215 2893 1256 2927 aa.

181 3085 336 3148 accedebat,
356 3093 388 3136 ut
405 3087 507 3136 offenso
526 3084 554 3136 ia
575 3081 758 3152 paedagogum
784 3083 872 3134 animo
890 3091 970 3137 esset.
1005 3084 1098 3152 itaque
1117 3085 1205 3151 lugam
1224 3083 1259 3134 ιιιλ

180 3167 283 3230 patrem
301 3154 488 3217 meditabatur,
509 3171 568 3204 cum
596 3163 649 3206 tam
679 3155 816 3220 diligentis
838 3153 1016 3205 institutionis
1041 3155 1151 3222 gratiam
1170 3155 1259 3222 potius

179 3228 273 3281 referri
293 3233 437 3296 oporteret.
473 3241 562 3293 neque
580 3223 608 3275 in
628 3223 786 3275 meditando
804 3225 940 3289 constitit3
958 3225 1038 3274 immo
1051 3240 1105 3274 rem
1124 3239 1261 3293 aggressus

181 3309 222 3352 est
241 3299 330 3350 etiam.
349 3295 553 3347 communicavit
573 3295 654 3362 igitur
671 3296 813 3346 consilium
832 3311 891 3345 cum
906 3295 1023 3362 Georgia
1033 3295 1143 3356 Decani,
1162 3303 1190 3346 et
1207 3295 1262 3345 Eu-

181 3369 282 3420 stathio
303 3367 424 3433 Camytza
443 3373 471 3416 et
490 3363 622 3416 Michaeie
640 3383 655 3416 a
672 3366 787 3434 poculis,
814 3381 893 3434 quem
911 3366 1065 3433 pincernam
1082 3365 1161 3433 vulgo
1180 3364 1262 3414 aulici

183 3447 289 3500 vocant,
307 3435 457 3489 fortissimis
477 3437 539 3487 siris
548 3434 698 3504 iisdemque
711 3437 867 3504 imperatori
886 3435 1109 3487 familiarissimis.
1147 3450 1179 3484 en
1199 3436 1261 3504 qui-

182 3507 234 3560 bus
254 3508 368 3560 Michsel
388 3508 472 3558 totins
499 3507 535 3557 rei
559 3506 686 3558 indicium
713 3505 748 3557 ad
774 3505 962 3574 imperatorem
982 3504 1090 3556 detulit.
1117 3504 1140 3556 is
1158 3507 1263 3556 nullam

181 3580 291 3631 omnino
312 3577 392 3630 iidem
413 3576 491 3628 dictis
513 3575 616 3628 habuit.
653 3577 739 3627 acrius
761 3578 851 3626 autem
873 3577 961 3628 Gaura
981 3575 1015 3626 ad
1033 3576 1123 3642 sugam
1141 3584 1262 3642 urgente,

180 3651 228 3719 qui
247 3651 335 3700 animo
355 3665 415 3716 erga
440 3647 628 3714 imperatorem
651 3647 727 3698 lideli
745 3654 831 3708 erant,
858 3643 929 3697 “nisi
949 3644 1149 3709 iureiurando,
1169 3647 1262 3714 inqui-

178 3729 237 3781 unt,
255 3720 367 3770 consilio
385 3727 433 3770 tuo
454 3715 534 3768 ficiem
552 3715 701 3778 addideris,
720 3733 775 3768 non
793 3732 937 3786 sequemur
956 3714 1011 3768 te.”
1046 3715 1121 3785 quosl
1137 3733 1197 3767 cum
1214 3717 1263 3767 ille

178 3806 235 3842 non
254 3797 410 3850 recusasset,
431 3788 518 3839 locum
536 3787 587 3855 ipsi
609 3787 766 3849 ostendunt,
786 3786 834 3837 ubi
860 3803 932 3837 sacrs
950 3788 1052 3848 lancea,
1073 3801 1126 3856 qua
1144 3787 1264 3838 salvato-

179 3861 216 3911 ris
236 3861 289 3910 mei
308 3861 378 3912 latus
396 3857 472 3926 impii
489 3865 677 3926 pupugerunt,
699 3856 837 3908 recondita
857 3865 923 3908 erat.
960 3857 1030 3908 hanc
1047 3856 1111 3908 inde
1131 3857 1263 3917 auferret,

179 3930 304 3993 arradent,
322 3939 352 3982 ut
371 3946 420 3999 per
437 3945 506 3988 eum,
526 3929 600 3978 caius
624 3928 694 3978 latas
712 3927 758 3977 ilia
775 3945 929 3996 percussum
947 3937 1025 3990 esset,
1044 3927 1154 3979 iarsret.
1173 3928 1264 3995 paruit

179 3999 354 4064 adolescens,
385 3999 582 4066 sacrariumque
607 3998 755 4066 ingressus,
787 3999 906 4048 lanceam
942 3999 1080 4067 surripuit.
1117 4007 1174 4049 tum
1200 4012 1263 4047 vero

180 4087 273 4123 eorum
296 4088 382 4134 sanus,
400 4071 448 4140 qui
471 4081 525 4119 rem
546 4069 700 4138 imperatori
727 4066 912 4136 prodiderant,
933 4085 1081 4130 accurrens,
1113 4067 1203 4128 “ecce‚
1222 4068 1265 4116 in-

180 4142 251 4212 quit,
269 4141 388 4208 Gaurus,
413 4156 512 4194 sacram
529 4139 649 4192 lanceam
676 4141 706 4190 in
729 4139 790 4190 sinn
810 4136 942 4207 gestans-'⁸
988 4141 1078 4192 statim
1095 4137 1265 4208 imperatoris
