2984 4800
592 267 834 332 PRAEFATlO.
1103 269 1240 330 XXXVII

151 449 320 510 transvolas
341 449 432 512 licet.-
453 471 513 514 non
534 455 616 515 enim
641 468 712 515 ante
743 455 846 516 onmia
861 451 1078 538 perlegendum
1085 475 1097 528 ,·
1126 453 1180 513 sed
1208 455 1243 515 in

148 568 281 638 tempore
301 555 510 618 consulendum
537 562 695 642 seponitur)
727 583 842 622 ntorum
854 607 866 634 ,
896 563 1019 646 inquam
1046 561 1243 622 neeessariam

148 662 307 744 interpono
327 661 470 740 unicam,
506 662 772 745 Praefatiunculae
795 667 903 748 paucis
932 665 1163 748 complexurae;
1184 687 1242 747 quo

147 789 237 846 casu,
260 791 359 853 quove
391 785 467 831 statu
487 773 625 836 Alexias
646 775 760 836 Annae
782 773 952 836 comnenae
980 794 1061 834 meas
1081 775 1114 834 in
1136 794 1242 834 manus

146 877 288 951 venerit,·
310 899 371 961 qua
390 899 443 956 spe
464 901 561 963 quave
583 881 751 942 conditione
778 883 811 942 in
831 895 895 942 tuas
916 895 1054 942 transeat.

232 985 303 1044 Iam
332 997 397 1045 turn
427 986 469 1046 ab
489 987 701 1064 adolescentia,
719 1011 814 1074 quam
836 991 910 1049 milii
931 991 1092 1069 transigere
1119 988 1244 1048 Tolosae

148 1092 277 1170 contigit,
303 1091 416 1171 ingenti
436 1091 585 1153 desiderio
595 1092 742 1178 flagravi
758 1093 935 1156 Alexiados
944 1095 1053 1156 drusae
1076 1094 1254 1157 Comnenae·

148 1197 355 1280 explicandae
366 1197 485 1258 Lotinis
497 1199 613 1274 litteris,
631 1215 660 1260 et
672 1203 735 1261 luce
750 1203 874 1286 publiea
885 1201 1062 1263 donandae.
1081 1204 1199 1264 Alebat
1210 1202 1247 1262 id

148 1317 256 1365 votum
279 1303 474 1389 lactabatque
498 1305 610 1366 blanda
628 1328 680 1388 spe
700 1307 783 1390 sedes
800 1309 856 1368 illa
877 1310 942 1392 ipsa
955 1309 1138 1369 studiorum.-
1161 1309 1246 1395 quod

147 1413 181 1472 in
204 1433 264 1496 qua
282 1413 429 1473 vivebam
450 1414 617 1497 litterisque
637 1417 791 1499 operabar
809 1419 922 1479 civitas
944 1419 1061 1477 unicum
1081 1419 1146 1477 eius
1168 1436 1243 1499 ope·

148 1519 191 1578 ris
213 1521 456 1602 antiquissimum
478 1529 508 1582 ‘et
524 1523 752 1601 integerrimum
771 1525 933 1608 exemplar
951 1525 1058 1584 liabere
1078 1524 1244 1584 dicebatur.

148 1625 214 1708 Egi
229 1649 311 1709 crgo,
332 1629 447 1709 sategi,
466 1648 524 1711 per
544 1649 614 1707 nie,
632 1651 691 1714 per
718 1634 829 1690 amicos
850 1633 933 1692 movi
952 1633 1060 1708 multa,
1082 1652 1142 1712 quo
1161 1632 1244 1690 istius

148 1735 226 1793 mibi
237 1736 328 1818 copia
342 1731 438 1815 fieret
453 1736 576 1798 codicis.
598 1758 618 1796 a
636 1739 820 1799 nobilissima
834 1739 1059 1823 clarissimaque
1069 1739 1244 1800 Fabrorum

148 1839 409 1904 Saniorianorum
427 1845 556 1926 familia
572 1847 604 1906 in
615 1847 768 1907 Musaeum
779 1847 837 1908 τοῦ
858 1839 1032 1926 μακαρῖτου
1053 1845 1244 1907 emeditissimi

149 1947 238 2009 Petri
255 1951 354 2009 Fabri
365 1954 576 2014 humanissime
592 1955 754 2029 admissus,
775 1930 900 2017 versalis
914 1959 978 2017 illic
996 1959 1171 2018 otiosissime
1193 1977 1245 2015 cu·

147 2057 369 2138 riosissimeque
388 2065 500 2121 cunctis
525 2065 653 2123 inultum
665 2063 792 2146 frustra
815 2065 878 2123 bibi
893 2067 1068 2149 pulverem.
1089 2064 1249 2143 indagavi

149 2171 240 2220 ettam
254 2163 449 2248 omnibusque
463 2170 594 2249 vestigiis
609 2168 750 2228 odoratus
762 2190 826 2228 sum
839 2189 965 2252 ecquam
987 2171 1020 2230 in
1041 2171 1127 2232 urbis
1148 2171 1247 2230 eliani

148 2289 230 2329 rara
251 2283 280 2329 et
296 2272 457 2352 peregrina
477 2273 552 2334 baec
572 2275 640 2332 avis
661 2273 813 2333 evolasset
828 2273 964 2336 domum.
1005 2295 1064 2336 non
1081 2276 1150 2358 plus
1164 2295 1244 2359 pro-

134 2375 207 2453 seci
223 2395 319 2456 quam
337 2377 471 2439 Cadmus
490 2399 560 2441 eum
575 2377 733 2463 Europam
756 2391 923 2462 quaereret.
965 2379 1066 2466 Atque
1087 2383 1137 2443 bic
1153 2405 1245 2467 prae-

146 2481 303 2545 dicandae
323 2486 405 2545 locus
428 2497 472 2545 est
492 2480 728 2565 officiosissimae
756 2485 948 2567 benignitatis
974 2486 1174 2549 illustrissimi
1194 2487 1241 2547 D.

149 2590 263 2651 Caroli
294 2592 334 2651 ile
357 2592 515 2653 Montcbal
533 2593 766 2677 Arebiepiscopi
797 2594 952 2669 Tolosani,
972 2598 1029 2679 qui
1043 2616 1104 2679 pro
1125 2610 1244 2657 caetera

146 2698 337 2760 biunanitate
360 2722 422 2782 qua
441 2701 540 2761 stuclia
559 2722 676 2785 semper
704 2722 771 2761 mea
788 2716 961 2785 prosecutus
982 2716 1036 2780 est,
1058 2716 1129 2764 tunc
1148 2705 1244 2764 etiam

147 2829 208 2869 non
228 2812 385 2890 indignum
411 2812 587 2872 celsitudine
616 2832 671 2871 suci
696 2808 829 2869 credidit
847 2812 880 2870 in
900 2813 986 2870 istam
1010 2831 1121 2869 mecum
1140 2830 1246 2868 euram

147 2915 353 2990 descendere,·
373 2928 404 2975 et
420 2918 596 2980 autoritatis
616 2920 837 3001 interpositione
855 2940 927 2978 suae
942 2900 1048 2978 tantae
1066 2919 1152 2977 liuius
1171 2916 1245 2999 effl-

147 3034 229 3082 caim
257 3024 327 3082 voti
357 3025 434 3083 milii
450 3024 590 3107 conjicere
618 3027 730 3089 conari.
782 3025 883 3085 Ebisit
912 3037 1009 3085 tamen
1028 3025 1243 3106 indagationes,

144 3131 313 3213 petitiones,
335 3132 569 3195 machinationes
589 3152 688 3192 omnes
707 3133 764 3192 vel
780 3134 879 3193 nescio
898 3134 965 3217 quis
980 3154 1062 3192 casus
1084 3132 1172 3205 alius,
1195 3132 1247 3191 vel

147 3238 378 3299 obstinatissima
400 3240 549 3327 iniquitas
565 3262 680 3317 eorum,
703 3244 759 3324 qui
777 3245 929 3326 captivam
945 3241 1089 3300 illustrem
1110 3238 1245 3299 aelernis

148 3346 285 3407 detinere
314 3346 439 3406 tenebris
459 3366 527 3408 cum
544 3347 730 3409 incommodo
761 3352 918 3430 et'gemitn
941 3346 1033 3408 Orbis
1051 3345 1141 3405 totins
1164 3343 1244 3404 deli-

149 3451 365 3511 beratissi'rrium
396 3452 516 3514 liabent.
568 3452 661 3513 Multi
688 3451 799 3513 dei'nde
821 3454 895 3513 anni
922 3450 997 3512 milii
1021 3452 1087 3512 alia
1105 3450 1246 3532 cogitanti

149 3562 258 3621 omnia
281 3570 312 3617 et
332 3558 509 3621 Aleai'ados
527 3558 593 3620 iani
608 3560 703 3644 plane
731 3559 1011 3646 oblitoflaaeerant,
1033 3580 1101 3623 cnm
1120 3560 1173 3620 vir
1190 3561 1244 3620 lio-

149 3668 231 3726 noris
254 3686 351 3726 causa
370 3666 566 3729 nominandus
588 3668 696 3729 Petrus
725 3666 885 3748 Seguerius
913 3666 1123 3729 Caneellarius
1142 3668 1244 3728 bran·

152 3772 240 3849 m'ae,
272 3774 329 3856 qui
349 3772 555 3856 amplissimae
584 3774 728 3855 dignitati
757 3796 864 3859 parem
894 3774 1077 3857 Religionis,
1099 3773 1243 3850 Iustitiae,

151 3873 334 3964 suasusque
348 3882 464 3954 omnit;
484 3892 545 3943 turn
559 3902 630 3943 iero
642 3883 732 3943 eti'cim
747 3882 930 3966 eloquentiae
946 3896 976 3942 et
993 3880 1168 3943 eruditionis
1186 3900 1243 3941 ex·

151 3984 317 4045 atteram
339 3986 490 4065 admeti,
511 3990 754 4051 aumadvertens
771 4009 794 4051 a
814 3990 984 4051 collectione
1000 3990 1158 4051 Historiae
1175 3987 1242 4064 By·

154 4095 290 4156 unctae
308 4114 403 4177 quarn
420 4096 514 4182 Typis
526 4096 578 4158 uli
587 4096 685 4180 Regiis
706 4099 845 4178 vaserat,
868 4097 1057 4161 Alexiadem
1067 4097 1174 4158 Annae
1185 4092 1242 4156 Co·

621 4208 630 4233 s
