2984 4800
261 275 357 336 XXIV
588 272 785 338 Lnnovtcr
816 271 1016 336 senorum

260 431 390 502 novius
402 449 484 502 usus
497 443 563 524 est,
577 431 833 528 cognationem
844 433 981 506 babere
994 430 1202 524 maximam,
1214 453 1349 527 quam-

258 553 312 626 ris
335 576 455 624 rursus
487 577 564 624 non
588 551 727 649 desint,
753 581 848 654 qnae
877 557 1066 654 utriusque
1088 555 1173 627 libri
1197 553 1349 626 dirersi-

261 687 373 746 tatem
399 690 557 773 arguant.

356 803 433 870 Iam
465 797 513 870 de
547 801 720 896 consilio,
753 801 858 898 qnod
895 803 934 874 in
962 797 1178 873 adornando
1202 797 1348 870 Alexia-

260 923 317 996 dis
337 936 436 994 textu
453 937 594 996 secutus
618 949 711 1020 sum,
736 950 851 1023 pauca
872 925 1004 1000 dicam.
1054 924 1097 996 ln
1118 949 1194 1022 qno
1214 949 1348 1021 genere

260 1048 356 1120 hanc
381 1045 474 1118 mihi
507 1049 621 1145 legem
659 1049 854 1142 conditui,
875 1062 917 1121 ut
939 1049 1049 1120 verba
1070 1045 1118 1119 ad
1142 1047 1257 1118 solam
1283 1070 1349 1117 co-

258 1169 382 1242 dicum
424 1171 675 1242 auctoritatem
711 1162 947 1263 exhiberem,
990 1192 1112 1267 neque
1142 1192 1297 1264 usquam
1325 1190 1349 1237 a

258 1294 454 1390 scriptura,
479 1293 595 1389 qualis
619 1293 659 1366 in
686 1291 848 1367 editione
873 1293 1034 1366 Parisina
1058 1302 1173 1384 extat,
1197 1288 1348 1362 recede·

258 1439 357 1509 rem,
388 1417 458 1488 nisi
482 1419 637 1492 aliorum
675 1419 854 1492 librorum
888 1418 996 1490 lectio
1030 1417 1086 1490 rel
1109 1415 1163 1490 rei
1187 1414 1350 1507 veritati,

258 1539 316 1611 rel
341 1541 526 1640 analogiae
549 1543 816 1640 grammaticae,
841 1540 898 1613 rel
922 1538 1083 1636 denique
1108 1537 1247 1611 Annaei
1270 1561 1348 1609 ser-

257 1663 378 1734 monis
405 1663 658 1737 consuetudini
675 1663 944 1761 elegantiaeqne
968 1662 1083 1760 magis
1102 1673 1348 1734 consentanea

259 1785 452 1860 rideretur.
505 1789 572 1862 Ubi
599 1813 685 1862 vero
711 1789 795 1862 libri
819 1790 869 1860 ob
892 1785 1160 1886 depravationis
1182 1809 1348 1858 commn-

261 1909 410 1982 nionem
445 1936 507 1985 me
536 1913 793 2016 destituerent,
824 1938 845 1985 a
869 1911 1101 1986 coniectandi
1131 1924 1228 2004 arte,
1253 1933 1348 2006 quae

263 2032 432 2108 codicum
462 2036 595 2108 vicaria
635 2048 707 2132 est,
742 2037 913 2108 auxilium
949 2036 1050 2133 petii.
1114 2033 1348 2131 Quamquam

264 2156 442 2231 eiusmodi
467 2161 507 2234 in
531 2163 621 2236 locis
644 2161 771 2236 sedulo
796 2161 896 2255 cari,
919 2183 984 2252 ne,
1007 2157 1130 2257 siquid
1155 2158 1301 2256 ingenio
1325 2182 1349 2229 a

261 2303 323 2350 me
346 2297 532 2380 repertum
557 2299 669 2379 esset,
700 2287 740 2357 in
773 2283 942 2356 ordinem
973 2296 1111 2355 temere
1134 2282 1346 2378 reciperem.

263 2404 452 2479 Praeterea
470 2406 816 2505 interpunctionem,
840 2430 951 2503 quam
965 2406 1135 2477 Possinns
1149 2427 1192 2475 ex
1218 2402 1349 2475 codiee

262 2549 328 2596 sno
354 2526 658 2623 perversissimam
674 2530 883 2625 reliquerat,
907 2526 1041 2623 passim
1056 2526 1205 2621 mutari,
1230 2550 1347 2621 eaque

260 2648 338 2719 sola
361 2674 402 2721 re
436 2649 539 2723 effeci
572 2672 857 2747 nonnunquam,
888 2663 931 2721 ut
952 2648 1045 2743 loci,
1075 2646 1123 2721 ad
1143 2646 1347 2743 intelligen-

248 2766 351 2841 ,dnm
383 2784 488 2845 antea
521 2772 711 2870 impediti,
745 2774 864 2847 lucem
905 2774 1195 2847 nanciscerentur
1231 2794 1345 2843 suam.

263 2890 415 2965 Codices
447 2896 573 2969 litteris
612 2898 685 2969 suis
717 2897 913 2971 initialibus
951 2895 1107 2969 distinxi.
1165 2895 1274 2995 lgitur
1304 2894 1344 2965 P.

261 3016 438 3111 signifieat
462 3018 627 3093 codicem
650 3021 791 3095 Possini
815 3020 889 3091 sire
910 3019 1108 3091 editionem
1136 3018 1347 3111 Parisinam,

260 3140 297 3208 F.
324 3140 588 3235 Florentinum,
613 3140 650 3215 C.
678 3140 957 3236 Coislinianum,
992 3142 1034 3214 G.
1061 3141 1347 3233 Gronovianurn,

260 3261 302 3331 Α.
333 3242 573 3361 Augustanam
606 3266 818 3364 Epitomen,
856 3266 895 3339 Ε.
927 3266 1111 3363 Epitomas
1149 3264 1346 3356 Gronorii,

260 3384 315 3455 Fr.
342 3385 593 3482 Fragmentum
626 3386 763 3460 codicis
795 3388 958 3461 Parisini.
1010 3388 1134 3460 Sicubi
1166 3388 1206 3459 in
1231 3411 1345 3485 appa·

256 3518 339 3579 ratu
364 3506 489 3579 critico
515 3510 622 3581 unius
653 3510 823 3583 editionis
851 3510 1033 3583 Parisinae
1065 3510 1262 3581 lectionem
1287 3510 1344 3581 in-

259 3625 394 3722 dicavi,
425 3630 528 3727 qnod
562 3632 753 3729 aliquoties
781 3633 915 3703 lactum
954 3632 1124 3725 memini,
1154 3631 1344 3704 sciendum

258 3763 324 3845 est,
348 3764 463 3823 textus
489 3756 701 3852 scripturam
728 3757 953 3853 reliquorum
979 3754 1148 3827 codicum
1163 3753 1238 3827 fide
1263 3756 1357 3826 niu·

356 3877 547 3951 Volumina
572 3881 684 3953 altero
699 3880 966 3951 exhibebuntur
978 3880 1238 3951 Annotationes
1262 3900 1343 3947 me·

255 4022 312 4093 ae,
337 4000 374 4072 in
400 4004 533 4098 quibus
559 4029 641 4075 cum
667 4004 768 4073 locos
789 3999 1011 4074 difficiliores
1035 4004 1090 4075 rel
1116 3998 1343 4073 obscuriores

254 4121 459 4224 illustrabo,
489 4141 567 4201 tum
604 4126 792 4219 lectionis,
823 4126 896 4200 sire
934 4150 1050 4199 norae
1087 4124 1160 4197 sire
1185 4122 1341 4198 intactae
1461 4178 1466 4186 ,
