<?xml version="1.0" encoding="UTF-8"?>
<!DOCTYPE html PUBLIC "-//W3C//DTD XHTML 1.0 Transitional//EN"
    "http://www.w3.org/TR/xhtml1/DTD/xhtml1-transitional.dtd">
<html xmlns="http://www.w3.org/1999/xhtml" xml:lang="en" lang="en">
 <head>
  <title>
</title>
<meta http-equiv="Content-Type" content="text/html;charset=utf-8" />
  <meta name='ocr-system' content='tesseract 3.04.00' />
  <meta name='ocr-capabilities' content='ocr_page ocr_carea ocr_par ocr_line ocrx_word'/>
</head>
<body>
  <div class='ocr_page' id='page_1' title='image "./corpusscriptoru17theogoog/corpusscriptoru17theogoog_0504.png"; bbox 0 0 2984 4800; ppageno 0'>
   <div class='ocr_carea' id='block_1_1' title="bbox 253 262 995 365">
    <p class='ocr_par' dir='ltr' id='par_1_1' title="bbox 253 262 995 365">
     <span class='ocr_line' id='line_1_1' title="bbox 253 262 995 365; baseline -0.004 -18"><span class='ocrx_word' id='word_1_1' title='bbox 253 262 338 365; x_wconf 67' lang='lat'>452</span> <span class='ocrx_word' id='word_1_2' title='bbox 605 284 742 349; x_wconf 77' lang='lat' dir='ltr'>suurn</span> <span class='ocrx_word' id='word_1_3' title='bbox 771 282 995 347; x_wconf 74' lang='lat' dir='ltr'>contusum</span> 
     </span>
    </p>
   </div>
   <div class='ocr_carea' id='block_1_2' title="bbox 225 422 1348 817">
    <p class='ocr_par' dir='ltr' id='par_1_2' title="bbox 225 422 1348 817">
     <span class='ocr_line' id='line_1_2' title="bbox 252 422 1346 523; baseline -0.006 -21"><span class='ocrx_word' id='word_1_4' title='bbox 252 438 421 523; x_wconf 81' lang='grc' dir='ltr'><em>τηνικαῦτα</em></span> <span class='ocrx_word' id='word_1_5' title='bbox 441 436 644 517; x_wconf 74' lang='grc' dir='ltr'><strong><em>προκαλεῖται</em></strong></span> <span class='ocrx_word' id='word_1_6' title='bbox 673 434 817 517; x_wconf 84' lang='grc' dir='ltr'><em>γραφίδα</em></span> <span class='ocrx_word' id='word_1_7' title='bbox 838 434 1002 515; x_wconf 75' lang='grc' dir='ltr'>κατέχων·</span> <span class='ocrx_word' id='word_1_8' title='bbox 1057 430 1087 494; x_wconf 89' lang='grc' dir='ltr'><strong>Γ</strong></span> <span class='ocrx_word' id='word_1_9' title='bbox 1085 428 1228 515; x_wconf 69' lang='grc' dir='ltr'><em>ρηγόριος</em></span> <span class='ocrx_word' id='word_1_10' title='bbox 1246 431 1282 497; x_wconf 82' lang='grc' dir='ltr'>δὲ</span> <span class='ocrx_word' id='word_1_11' title='bbox 1303 422 1346 516; x_wconf 79' lang='grc' dir='ltr'><em>ἦν</em></span> 
     </span>
     <span class='ocr_line' id='line_1_3' title="bbox 253 509 1348 619; baseline -0.01 -16"><span class='ocrx_word' id='word_1_12' title='bbox 253 531 483 619; x_wconf 81' lang='grc' dir='ltr'><em>δΚαμοτηρός</em></span> <span class='ocrx_word' id='word_1_13' title='bbox 511 534 623 597; x_wconf 84' lang='grc' dir='ltr'><em>νεωστί</em></span> <span class='ocrx_word' id='word_1_14' title='bbox 650 533 868 617; x_wconf 76' lang='grc' dir='ltr'><em>προσληφθείς</em></span> <span class='ocrx_word' id='word_1_15' title='bbox 901 529 955 593; x_wconf 85' lang='grc' dir='ltr'>καί</span> <span class='ocrx_word' id='word_1_16' title='bbox 983 509 1275 613; x_wconf 65' lang='grc' dir='ltr'><em>ὑπογραμματεάων</em></span> <span class='ocrx_word' id='word_1_17' title='bbox 1296 532 1348 615; x_wconf 70' lang='grc' dir='ltr'>τῷ</span> 
     </span>
     <span class='ocr_line' id='line_1_4' title="bbox 254 624 1346 721; baseline -0.011 -20"><span class='ocrx_word' id='word_1_18' title='bbox 254 630 470 721; x_wconf 72' lang='grc' dir='ltr'><em>αὐτοκράτορι.</em></span> <span class='ocrx_word' id='word_1_19' title='bbox 492 630 547 696; x_wconf 82' lang='grc' dir='ltr'>καί</span> <span class='ocrx_word' id='word_1_20' title='bbox 563 632 714 715; x_wconf 76' lang='grc' dir='ltr'>Διογένης</span> <span class='ocrx_word' id='word_1_21' title='bbox 733 624 857 694; x_wconf 76' lang='grc' dir='ltr'><em>ἅπαντα</em></span> <span class='ocrx_word' id='word_1_22' title='bbox 879 630 1092 713; x_wconf 79' lang='grc' dir='ltr'><em>ἀπαγγέλλων,</em></span> <span class='ocrx_word' id='word_1_23' title='bbox 1112 626 1187 691; x_wconf 71' lang='grc' dir='ltr'><em>οὐδὲ</em></span> <span class='ocrx_word' id='word_1_24' title='bbox 1207 624 1262 692; x_wconf 82' lang='lat' dir='ltr'>stis</span> <span class='ocrx_word' id='word_1_25' title='bbox 1280 628 1346 713; x_wconf 84' lang='grc' dir='ltr'>φό-</span> 
     </span>
     <span class='ocr_line' id='line_1_5' title="bbox 225 722 1347 817; baseline -0.012 -15"><span class='ocrx_word' id='word_1_26' title='bbox 225 756 307 807; x_wconf 80' lang='grc' dir='ltr'><em>Βνον</em></span> <span class='ocrx_word' id='word_1_27' title='bbox 328 730 525 817; x_wconf 75' lang='grc' dir='ltr'><em>παρεσιάπα.</em></span> <span class='ocrx_word' id='word_1_28' title='bbox 575 728 811 810; x_wconf 81' lang='grc' dir='ltr'><em>ἀναλαβόμενος</em></span> <span class='ocrx_word' id='word_1_29' title='bbox 838 728 1018 812; x_wconf 67' lang='lat' dir='ltr'>diripuisse</span> <span class='ocrx_word' id='word_1_30' title='bbox 1050 722 1263 811; x_wconf 81' lang='grc' dir='ltr'><em>δΜουζάκης</em></span> <span class='ocrx_word' id='word_1_31' title='bbox 1284 724 1347 801; x_wconf 86' lang='grc' dir='ltr'>τοὶς</span> 
     </span>
    </p>
   </div>
   <div class='ocr_carea' id='block_1_3' title="bbox 254 816 1482 928">
    <p class='ocr_par' dir='ltr' id='par_1_3' title="bbox 254 816 1482 928">
     <span class='ocr_line' id='line_1_6' title="bbox 254 816 1482 928; baseline -0.015 -28"><span class='ocrx_word' id='word_1_32' title='bbox 254 858 288 900; x_wconf 86' lang='grc' dir='ltr'>τε</span> <span class='ocrx_word' id='word_1_33' title='bbox 309 830 486 917; x_wconf 79' lang='grc' dir='ltr'><em>ἐγγράφους</em></span> <span class='ocrx_word' id='word_1_34' title='bbox 507 830 607 894; x_wconf 81' lang='grc' dir='ltr'><em>ου’τοδ</em></span> <span class='ocrx_word' id='word_1_35' title='bbox 638 824 803 912; x_wconf 70' lang='grc' dir='ltr'><em>ὁμολογίας</em></span> <span class='ocrx_word' id='word_1_36' title='bbox 834 830 890 892; x_wconf 82' lang='grc' dir='ltr'>καί</span> <span class='ocrx_word' id='word_1_37' title='bbox 907 824 946 904; x_wconf 76' lang='grc' dir='ltr'>ἀς</span> <span class='ocrx_word' id='word_1_38' title='bbox 966 822 1167 911; x_wconf 71' lang='grc' dir='ltr'><strong><em>ἀναζητήσας</em></strong></span> <span class='ocrx_word' id='word_1_39' title='bbox 1186 816 1263 905; x_wconf 75' lang='grc' dir='ltr'><em>εὗρε</em></span> <span class='ocrx_word' id='word_1_40' title='bbox 1283 826 1378 889; x_wconf 71' lang='grc' dir='ltr'><em>πει-5</em></span> <span class='ocrx_word' id='word_1_41' title='bbox 1481 885 1482 928; x_wconf 32' lang='grc' dir='ltr'><em>η</em></span> 
     </span>
    </p>
   </div>
   <div class='ocr_carea' id='block_1_4' title="bbox 227 915 1399 2301">
    <p class='ocr_par' dir='ltr' id='par_1_4' title="bbox 227 915 1399 2301">
     <span class='ocr_line' id='line_1_7' title="bbox 254 915 1348 1019; baseline -0.009 -22"><span class='ocrx_word' id='word_1_42' title='bbox 254 931 296 1019; x_wconf 79' lang='lat' dir='ltr'>pri</span> <span class='ocrx_word' id='word_1_43' title='bbox 316 956 409 998; x_wconf 88' lang='grc' dir='ltr'><em>τινων</em></span> <span class='ocrx_word' id='word_1_44' title='bbox 430 926 508 1015; x_wconf 78' lang='grc' dir='ltr'><em>πρὸς</em></span> <span class='ocrx_word' id='word_1_45' title='bbox 537 926 631 993; x_wconf 77' lang='lat' dir='ltr'>utitis</span> <span class='ocrx_word' id='word_1_46' title='bbox 657 930 859 1007; x_wconf 76' lang='grc' dir='ltr'><em>πεμπομένας</em></span> <span class='ocrx_word' id='word_1_47' title='bbox 880 923 1028 1011; x_wconf 74' lang='grc' dir='ltr'><em>γραφάς,</em></span> <span class='ocrx_word' id='word_1_48' title='bbox 1059 927 1100 989; x_wconf 89' lang='grc' dir='ltr'><em>δι’</em></span> <span class='ocrx_word' id='word_1_49' title='bbox 1128 915 1173 989; x_wconf 78' lang='grc' dir='ltr'><em>ὧν</em></span> <span class='ocrx_word' id='word_1_50' title='bbox 1193 925 1348 1009; x_wconf 70' lang='grc' dir='ltr'><em>ἐφαίνετο</em></span> 
     </span>
     <span class='ocr_line' id='line_1_8' title="bbox 253 1026 1349 1116; baseline -0.008 -21"><span class='ocrx_word' id='word_1_51' title='bbox 253 1032 309 1107; x_wconf 72' lang='grc' dir='ltr'>καί</span> <span class='ocrx_word' id='word_1_52' title='bbox 327 1030 347 1116; x_wconf 77' lang='lat' dir='ltr'>’l</span> <span class='ocrx_word' id='word_1_53' title='bbox 367 1032 491 1112; x_wconf 77' lang='grc' dir='ltr'><em>βασιλίς</em></span> <span class='ocrx_word' id='word_1_54' title='bbox 511 1028 629 1111; x_wconf 86' lang='grc' dir='ltr'><em>Μαρία</em></span> <span class='ocrx_word' id='word_1_55' title='bbox 649 1026 706 1109; x_wconf 83' lang='grc' dir='ltr'><em>τήν</em></span> <span class='ocrx_word' id='word_1_56' title='bbox 726 1028 787 1107; x_wconf 82' lang='grc' dir='ltr'>μὲν</span> <span class='ocrx_word' id='word_1_57' title='bbox 813 1026 1012 1091; x_wconf 85' lang='grc' dir='ltr'><em>ἀποστασίαν</em></span> <span class='ocrx_word' id='word_1_58' title='bbox 1031 1027 1089 1088; x_wconf 76' lang='grc' dir='ltr'><em>τοῦ</em></span> <span class='ocrx_word' id='word_1_59' title='bbox 1108 1030 1277 1107; x_wconf 80' lang='grc' dir='ltr'><em>Διογένους</em></span> <span class='ocrx_word' id='word_1_60' title='bbox 1297 1026 1349 1087; x_wconf 81' lang='grc' dir='ltr'>εἰ.</span> 
     </span>
     <span class='ocr_line' id='line_1_9' title="bbox 254 1121 1348 1213; baseline -0.013 -16"><span class='ocrx_word' id='word_1_61' title='bbox 254 1134 353 1211; x_wconf 74' lang='lat' dir='ltr'>divar,</span> <span class='ocrx_word' id='word_1_62' title='bbox 373 1126 426 1193; x_wconf 82' lang='grc' dir='ltr'><em>τὸν</em></span> <span class='ocrx_word' id='word_1_63' title='bbox 455 1130 492 1191; x_wconf 83' lang='grc' dir='ltr'>δὲ</span> <span class='ocrx_word' id='word_1_64' title='bbox 511 1123 608 1213; x_wconf 87' lang='grc' dir='ltr'><em>φόνον</em></span> <span class='ocrx_word' id='word_1_65' title='bbox 631 1128 788 1211; x_wconf 74' lang='grc' dir='ltr'><em>μηδαμῶς</em></span> <span class='ocrx_word' id='word_1_66' title='bbox 804 1132 992 1206; x_wconf 78' lang='grc' dir='ltr'><em>συγχωρεῖν,</em></span> <span class='ocrx_word' id='word_1_67' title='bbox 1012 1121 1093 1187; x_wconf 83' lang='grc' dir='ltr'>ἀλλά</span> <span class='ocrx_word' id='word_1_68' title='bbox 1115 1124 1170 1189; x_wconf 82' lang='grc' dir='ltr'>καί</span> <span class='ocrx_word' id='word_1_69' title='bbox 1187 1128 1256 1203; x_wconf 85' lang='grc' dir='ltr'><em>μετ’</em></span> <span class='ocrx_word' id='word_1_70' title='bbox 1275 1124 1348 1187; x_wconf 84' lang='grc' dir='ltr'><em>εἰιι-</em></span> 
     </span>
     <span class='ocr_line' id='line_1_10' title="bbox 254 1218 1351 1313; baseline -0.008 -20"><span class='ocrx_word' id='word_1_71' title='bbox 254 1230 381 1313; x_wconf 88' lang='grc' dir='ltr'><em>μελείας</em></span> <span class='ocrx_word' id='word_1_72' title='bbox 403 1227 564 1311; x_wconf 86' lang='grc' dir='ltr'><em>ἀπείργειν</em></span> <span class='ocrx_word' id='word_1_73' title='bbox 585 1222 682 1290; x_wconf 85' lang='grc' dir='ltr'><em>ου’τόν</em></span> <span class='ocrx_word' id='word_1_74' title='bbox 703 1226 762 1287; x_wconf 69' lang='grc' dir='ltr'><em>οὐκ</em></span> <span class='ocrx_word' id='word_1_75' title='bbox 782 1220 921 1288; x_wconf 76' lang='grc' dir='ltr'><em>ἀπὸτοῦ</em></span> <span class='ocrx_word' id='word_1_76' title='bbox 942 1222 1042 1309; x_wconf 83' lang='grc' dir='ltr'><em>φόνου</em></span> <span class='ocrx_word' id='word_1_77' title='bbox 1053 1220 1163 1303; x_wconf 82' lang='grc' dir='ltr'><em>μόνον,</em></span> <span class='ocrx_word' id='word_1_78' title='bbox 1183 1218 1265 1285; x_wconf 81' lang='grc' dir='ltr'>ἀλλά</span> <span class='ocrx_word' id='word_1_79' title='bbox 1289 1218 1351 1285; x_wconf 71' lang='grc' dir='ltr'><em>κατ’</em></span> 
     </span>
     <span class='ocr_line' id='line_1_11' title="bbox 255 1320 1399 1409; baseline -0.005 -15"><span class='ocrx_word' id='word_1_80' title='bbox 255 1332 288 1407; x_wconf 69' lang='lat' dir='ltr'>l}</span> <span class='ocrx_word' id='word_1_81' title='bbox 308 1328 409 1409; x_wconf 78' lang='grc' dir='ltr'><em>ου’τῆς</em></span> <span class='ocrx_word' id='word_1_82' title='bbox 438 1328 535 1407; x_wconf 76' lang='grc' dir='ltr'><em>ψιλῆς</em></span> <span class='ocrx_word' id='word_1_83' title='bbox 565 1326 706 1403; x_wconf 78' lang='grc' dir='ltr'><em>ἐννοίας,</em></span> <span class='ocrx_word' id='word_1_84' title='bbox 739 1326 861 1403; x_wconf 82' lang='grc' dir='ltr'><em>κομίζει</em></span> <span class='ocrx_word' id='word_1_85' title='bbox 890 1326 935 1407; x_wconf 76' lang='grc' dir='ltr'>τῷ</span> <span class='ocrx_word' id='word_1_86' title='bbox 953 1326 1087 1403; x_wconf 82' lang='grc' dir='ltr'><em>βασιλεῖ.</em></span> <span class='ocrx_word' id='word_1_87' title='bbox 1133 1320 1208 1385; x_wconf 79' lang='grc' dir='ltr'>ὅδὲ</span> <span class='ocrx_word' id='word_1_88' title='bbox 1228 1322 1399 1393; x_wconf 81' lang='grc' dir='ltr'><em>ταύταςιο</em></span> 
     </span>
     <span class='ocr_line' id='line_1_12' title="bbox 255 1417 1346 1509; baseline -0.012 -15"><span class='ocrx_word' id='word_1_89' title='bbox 255 1424 449 1509; x_wconf 77' lang='grc' dir='ltr'><em>ἐπαναγνούς</em></span> <span class='ocrx_word' id='word_1_90' title='bbox 477 1423 532 1487; x_wconf 81' lang='grc' dir='ltr'>καί</span> <span class='ocrx_word' id='word_1_91' title='bbox 560 1426 676 1488; x_wconf 86' lang='grc' dir='ltr'><em>πλείοον</em></span> <span class='ocrx_word' id='word_1_92' title='bbox 704 1426 765 1487; x_wconf 74' lang='grc' dir='ltr'><em>τῶν</em></span> <span class='ocrx_word' id='word_1_93' title='bbox 796 1417 1058 1502; x_wconf 60' lang='lat' dir='ltr'>transcursum</span> <span class='ocrx_word' id='word_1_94' title='bbox 1086 1421 1346 1503; x_wconf 75' lang='grc' dir='ltr'><em>ἐγγεγραμμένοις</em></span> 
     </span>
     <span class='ocr_line' id='line_1_13' title="bbox 255 1512 1345 1611; baseline -0.01 -22"><span class='ocrx_word' id='word_1_95' title='bbox 255 1522 396 1611; x_wconf 70' lang='grc' dir='ltr'><em>εὑρηκώς</em></span> <span class='ocrx_word' id='word_1_96' title='bbox 427 1522 482 1587; x_wconf 80' lang='grc' dir='ltr'><strong><em>καί</em></strong></span> <span class='ocrx_word' id='word_1_97' title='bbox 510 1518 639 1597; x_wconf 73' lang='grc' dir='ltr'><em>τούτους</em></span> <span class='ocrx_word' id='word_1_98' title='bbox 674 1524 835 1603; x_wconf 77' lang='grc' dir='ltr'><em>ἐκκρίτους</em></span> <span class='ocrx_word' id='word_1_99' title='bbox 863 1514 1019 1603; x_wconf 73' lang='grc' dir='ltr'><em>ἅπαντας,</em></span> <span class='ocrx_word' id='word_1_100' title='bbox 1050 1523 1085 1585; x_wconf 76' lang='grc' dir='ltr'><em>ἐν</em></span> <span class='ocrx_word' id='word_1_101' title='bbox 1113 1522 1276 1607; x_wconf 74' lang='grc' dir='ltr'><em>ἀμηχανίη</em></span> <span class='ocrx_word' id='word_1_102' title='bbox 1295 1512 1345 1601; x_wconf 73' lang='grc' dir='ltr'><em>η’ν.</em></span> 
     </span>
     <span class='ocr_line' id='line_1_14' title="bbox 256 1610 1346 1707; baseline -0.006 -20"><span class='ocrx_word' id='word_1_103' title='bbox 256 1626 331 1688; x_wconf 73' lang='lat' dir='ltr'>octe</span> <span class='ocrx_word' id='word_1_104' title='bbox 353 1620 414 1707; x_wconf 80' lang='grc' dir='ltr'>γὰρ</span> <span class='ocrx_word' id='word_1_105' title='bbox 434 1618 561 1702; x_wconf 84' lang='grc' dir='ltr'><em>ἔμελλεν</em></span> <span class='ocrx_word' id='word_1_106' title='bbox 581 1622 626 1707; x_wconf 74' lang='grc' dir='ltr'>τῷ</span> <span class='ocrx_word' id='word_1_107' title='bbox 638 1622 782 1703; x_wconf 81' lang='grc' dir='ltr'><em>Διογένει</em></span> <span class='ocrx_word' id='word_1_108' title='bbox 800 1621 949 1683; x_wconf 82' lang='grc' dir='ltr'><em>τοσοῦτον</em></span> <span class='ocrx_word' id='word_1_109' title='bbox 963 1616 1235 1702; x_wconf 58' lang='grc' dir='ltr'><em>τῆςαοινότητος·</em></span> <span class='ocrx_word' id='word_1_110' title='bbox 1279 1610 1346 1699; x_wconf 77' lang='grc' dir='ltr'><em>εἶχε</em></span> 
     </span>
     <span class='ocr_line' id='line_1_15' title="bbox 227 1712 1347 1806; baseline -0.007 -19"><span class='ocrx_word' id='word_1_111' title='bbox 227 1721 316 1806; x_wconf 74' lang='grc' dir='ltr'>ογάρ</span> <span class='ocrx_word' id='word_1_112' title='bbox 339 1717 458 1795; x_wconf 71' lang='grc' dir='ltr'><em>αὐτούς</em></span> <span class='ocrx_word' id='word_1_113' title='bbox 478 1715 577 1783; x_wconf 74' lang='grc' dir='ltr'><em>πάλαι</em></span> <span class='ocrx_word' id='word_1_114' title='bbox 597 1712 651 1804; x_wconf 79' lang='grc' dir='ltr'>ὅλη</span> <span class='ocrx_word' id='word_1_115' title='bbox 675 1720 767 1805; x_wconf 72' lang='grc' dir='ltr'><em>ψυχῇ</em></span> <span class='ocrx_word' id='word_1_116' title='bbox 788 1714 959 1801; x_wconf 78' lang='grc' dir='ltr'><em>κεχηνότας</em></span> <span class='ocrx_word' id='word_1_117' title='bbox 980 1720 1034 1781; x_wconf 82' lang='grc' dir='ltr'>καί</span> <span class='ocrx_word' id='word_1_118' title='bbox 1053 1716 1130 1803; x_wconf 82' lang='grc' dir='ltr'><em>πρὸς</em></span> <span class='ocrx_word' id='word_1_119' title='bbox 1151 1715 1249 1783; x_wconf 70' lang='lat' dir='ltr'>crissie</span> <span class='ocrx_word' id='word_1_120' title='bbox 1268 1718 1347 1781; x_wconf 86' lang='grc' dir='ltr'><em>ἀπο-</em></span> 
     </span>
     <span class='ocr_line' id='line_1_16' title="bbox 257 1810 1397 1913; baseline -0.007 -28"><span class='ocrx_word' id='word_1_121' title='bbox 257 1817 454 1893; x_wconf 84' lang='grc' dir='ltr'><em>νενευκότας·</em></span> <span class='ocrx_word' id='word_1_122' title='bbox 504 1815 584 1913; x_wconf 69' lang='grc' dir='ltr'>ἀλλά</span> <span class='ocrx_word' id='word_1_123' title='bbox 615 1820 680 1883; x_wconf 77' lang='grc' dir='ltr'><em>πᾶν</em></span> <span class='ocrx_word' id='word_1_124' title='bbox 699 1815 733 1881; x_wconf 66' lang='lat' dir='ltr'>so*</span> <span class='ocrx_word' id='word_1_125' title='bbox 757 1814 797 1882; x_wconf 82' lang='lat' dir='ltr'>sd</span> <span class='ocrx_word' id='word_1_126' title='bbox 820 1820 931 1901; x_wconf 78' lang='grc' dir='ltr'><em>προῖτα</em></span> <span class='ocrx_word' id='word_1_127' title='bbox 960 1818 1059 1903; x_wconf 79' lang='grc' dir='ltr'><em>φέρον</em></span> <span class='ocrx_word' id='word_1_128' title='bbox 1079 1810 1397 1899; x_wconf 71' lang='lat' dir='ltr'>indesponsata-15</span> 
     </span>
     <span class='ocr_line' id='line_1_17' title="bbox 257 1911 1344 2001; baseline -0.007 -16"><span class='ocrx_word' id='word_1_129' title='bbox 257 1922 314 1985; x_wconf 82' lang='lat' dir='ltr'>sori</span> <span class='ocrx_word' id='word_1_130' title='bbox 333 1943 365 1983; x_wconf 83' lang='grc' dir='ltr'>τε</span> <span class='ocrx_word' id='word_1_131' title='bbox 388 1917 442 1983; x_wconf 79' lang='grc' dir='ltr'>καὶ</span> <span class='ocrx_word' id='word_1_132' title='bbox 455 1920 617 1981; x_wconf 74' lang='grc' dir='ltr'><em>πολιτικοῦ</em></span> <span class='ocrx_word' id='word_1_133' title='bbox 636 1916 855 1997; x_wconf 81' lang='grc' dir='ltr'><em>συντάγματος</em></span> <span class='ocrx_word' id='word_1_134' title='bbox 874 1913 1025 1980; x_wconf 73' lang='grc' dir='ltr'><em>ἔσπευδεν</em></span> <span class='ocrx_word' id='word_1_135' title='bbox 1037 1913 1304 2001; x_wconf 72' lang='grc' dir='ltr'><em>ὑποποιήσασθαι</em></span> <span class='ocrx_word' id='word_1_136' title='bbox 1325 1911 1344 1977; x_wconf 81' lang='grc' dir='ltr'><em>δ</em></span> 
     </span>
     <span class='ocr_line' id='line_1_18' title="bbox 256 2012 1348 2103; baseline -0.003 -20"><span class='ocrx_word' id='word_1_137' title='bbox 256 2022 316 2100; x_wconf 80' lang='grc' dir='ltr'>μδν</span> <span class='ocrx_word' id='word_1_138' title='bbox 336 2012 394 2084; x_wconf 77' lang='lat' dir='ltr'>ctis</span> <span class='ocrx_word' id='word_1_139' title='bbox 413 2016 613 2103; x_wconf 82' lang='grc' dir='ltr'><em>αυίοκράτωρ</em></span> <span class='ocrx_word' id='word_1_140' title='bbox 635 2015 674 2081; x_wconf 76' lang='grc' dir='ltr'>τὰ</span> <span class='ocrx_word' id='word_1_141' title='bbox 698 2018 753 2099; x_wconf 81' lang='grc' dir='ltr'>τῆς</span> <span class='ocrx_word' id='word_1_142' title='bbox 771 2015 935 2097; x_wconf 73' lang='grc' dir='ltr'><em>βασιλίδος</em></span> <span class='ocrx_word' id='word_1_143' title='bbox 954 2016 1089 2098; x_wconf 87' lang='grc' dir='ltr'><em>Μαρίας</em></span> <span class='ocrx_word' id='word_1_144' title='bbox 1111 2018 1273 2099; x_wconf 80' lang='grc' dir='ltr'><em>ἀνὲνφορα</em></span> <span class='ocrx_word' id='word_1_145' title='bbox 1288 2018 1348 2093; x_wconf 76' lang='grc' dir='ltr'><em>μέ-</em></span> 
     </span>
     <span class='ocr_line' id='line_1_19' title="bbox 257 2110 1350 2203; baseline -0.005 -20"><span class='ocrx_word' id='word_1_146' title='bbox 257 2143 322 2183; x_wconf 88' lang='grc' dir='ltr'><em>νειν</em></span> <span class='ocrx_word' id='word_1_147' title='bbox 341 2118 501 2203; x_wconf 77' lang='grc' dir='ltr'><em>ἠβούλετο.</em></span> <span class='ocrx_word' id='word_1_148' title='bbox 543 2115 599 2181; x_wconf 81' lang='grc' dir='ltr'><strong><em>καί</em></strong></span> <span class='ocrx_word' id='word_1_149' title='bbox 618 2115 725 2196; x_wconf 69' lang='grc' dir='ltr'><em>μέντοι</em></span> <span class='ocrx_word' id='word_1_150' title='bbox 747 2118 802 2179; x_wconf 83' lang='grc' dir='ltr'>καί</span> <span class='ocrx_word' id='word_1_151' title='bbox 821 2111 985 2198; x_wconf 73' lang='grc' dir='ltr'><em>διετήρησε</em></span> <span class='ocrx_word' id='word_1_152' title='bbox 1005 2112 1059 2179; x_wconf 81' lang='grc' dir='ltr'><em>τὸν</em></span> <span class='ocrx_word' id='word_1_153' title='bbox 1078 2118 1253 2196; x_wconf 79' lang='grc' dir='ltr'><em>ἀγνοοῦντα</em></span> <span class='ocrx_word' id='word_1_154' title='bbox 1272 2110 1350 2178; x_wconf 70' lang='lat' dir='ltr'>siso-</span> 
     </span>
     <span class='ocr_line' id='line_1_20' title="bbox 258 2208 1346 2301; baseline 0.002 -24"><span class='ocrx_word' id='word_1_155' title='bbox 258 2217 381 2299; x_wconf 76' lang='grc' dir='ltr'><em>κριθείς</em></span> <span class='ocrx_word' id='word_1_156' title='bbox 401 2219 440 2280; x_wconf 82' lang='grc' dir='ltr'><em>δι’</em></span> <span class='ocrx_word' id='word_1_157' title='bbox 465 2212 502 2301; x_wconf 77' lang='grc' dir='ltr'><em>ἢν</em></span> <span class='ocrx_word' id='word_1_158' title='bbox 524 2212 603 2297; x_wconf 82' lang='grc' dir='ltr'><em>πρδς</em></span> <span class='ocrx_word' id='word_1_159' title='bbox 625 2211 723 2296; x_wconf 63' lang='grc' dir='ltr'><em>ον’τὴν</em></span> <span class='ocrx_word' id='word_1_160' title='bbox 744 2208 812 2294; x_wconf 72' lang='lat' dir='ltr'>eigs</span> <span class='ocrx_word' id='word_1_161' title='bbox 833 2217 936 2277; x_wconf 74' lang='grc' dir='ltr'><em>πιστιν</em></span> <span class='ocrx_word' id='word_1_162' title='bbox 949 2217 1005 2279; x_wconf 83' lang='grc' dir='ltr'>καί</span> <span class='ocrx_word' id='word_1_163' title='bbox 1023 2209 1190 2297; x_wconf 73' lang='grc' dir='ltr'><em>ὁμολογίαν</em></span> <span class='ocrx_word' id='word_1_164' title='bbox 1211 2214 1267 2279; x_wconf 82' lang='grc' dir='ltr'>καί</span> <span class='ocrx_word' id='word_1_165' title='bbox 1284 2238 1346 2295; x_wconf 86' lang='grc' dir='ltr'><em>προ</em></span> 
     </span>
    </p>
   </div>
   <div class='ocr_carea' id='block_1_5' title="bbox 258 2312 1482 2398">
    <p class='ocr_par' dir='ltr' id='par_1_5' title="bbox 258 2312 1482 2398">
     <span class='ocr_line' id='line_1_21' title="bbox 258 2312 1482 2398; baseline -0.002 -19"><span class='ocrx_word' id='word_1_166' title='bbox 258 2318 316 2379; x_wconf 77' lang='grc' dir='ltr'><em>τοῦ</em></span> <span class='ocrx_word' id='word_1_167' title='bbox 337 2314 377 2380; x_wconf 77' lang='grc' dir='ltr'>τὰ</span> <span class='ocrx_word' id='word_1_168' title='bbox 409 2314 465 2398; x_wconf 75' lang='grc' dir='ltr'>τῆς</span> <span class='ocrx_word' id='word_1_169' title='bbox 493 2314 657 2395; x_wconf 79' lang='grc' dir='ltr'><em>βασιλείας</em></span> <span class='ocrx_word' id='word_1_170' title='bbox 686 2312 902 2391; x_wconf 67' lang='grc' dir='ltr'><em>ἀναδέξασθαι</em></span> <span class='ocrx_word' id='word_1_171' title='bbox 930 2316 1085 2398; x_wconf 75' lang='grc' dir='ltr'><em>σκῆπτρα.</em></span> <span class='ocrx_word' id='word_1_172' title='bbox 1132 2312 1291 2379; x_wconf 81' lang='grc' dir='ltr'><em>διεδίδοτο</em></span> <span class='ocrx_word' id='word_1_173' title='bbox 1310 2314 1395 2377; x_wconf 59' lang='lat' dir='ltr'>dito</span> <span class='ocrx_word' id='word_1_174' title='bbox 1481 2373 1482 2386; x_wconf 64' lang='grc'>,</span> 
     </span>
    </p>
   </div>
   <div class='ocr_carea' id='block_1_6' title="bbox 291 2496 1349 2852">
    <p class='ocr_par' dir='ltr' id='par_1_6' title="bbox 291 2496 1349 2852">
     <span class='ocr_line' id='line_1_22' title="bbox 334 2496 1346 2571; baseline -0.002 -19"><span class='ocrx_word' id='word_1_175' title='bbox 334 2519 356 2552; x_wconf 89' lang='grc' dir='ltr'><em>ι.</em></span> <span class='ocrx_word' id='word_1_176' title='bbox 375 2515 409 2550; x_wconf 84' lang='lat' dir='ltr'>on</span> <span class='ocrx_word' id='word_1_177' title='bbox 425 2498 645 2571; x_wconf 72' lang='lat' dir='ltr'>upooxuletrus?</span> <span class='ocrx_word' id='word_1_178' title='bbox 731 2496 873 2568; x_wconf 80' lang='grc' dir='ltr'><em>γραφίδια</em></span> <span class='ocrx_word' id='word_1_179' title='bbox 891 2497 924 2547; x_wconf 89' lang='lat' dir='ltr'>G.</span> <span class='ocrx_word' id='word_1_180' title='bbox 1011 2500 1037 2550; x_wconf 83' lang='lat'>3.</span> <span class='ocrx_word' id='word_1_181' title='bbox 1056 2498 1169 2571; x_wconf 80' lang='grc' dir='ltr'><em>φθόνον</em></span> <span class='ocrx_word' id='word_1_182' title='bbox 1186 2499 1220 2551; x_wconf 86' lang='lat' dir='ltr'>G.</span> <span class='ocrx_word' id='word_1_183' title='bbox 1320 2502 1346 2552; x_wconf 83' lang='lat'>5.</span> 
     </span>
     <span class='ocr_line' id='line_1_23' title="bbox 330 2562 1347 2640; baseline 0 -19"><span class='ocrx_word' id='word_1_184' title='bbox 330 2565 365 2629; x_wconf 76' lang='grc' dir='ltr'>δς</span> <span class='ocrx_word' id='word_1_185' title='bbox 382 2588 434 2622; x_wconf 87' lang='lat' dir='ltr'>orn.</span> <span class='ocrx_word' id='word_1_186' title='bbox 455 2573 487 2620; x_wconf 84' lang='lat' dir='ltr'>tt.</span> <span class='ocrx_word' id='word_1_187' title='bbox 571 2587 609 2620; x_wconf 91' lang='grc' dir='ltr'>ιι.</span> <span class='ocrx_word' id='word_1_188' title='bbox 629 2562 807 2638; x_wconf 78' lang='grc' dir='ltr'><em>ἐπανογνοίις</em></span> <span class='ocrx_word' id='word_1_189' title='bbox 825 2569 859 2632; x_wconf 84' lang='lat' dir='ltr'>G,</span> <span class='ocrx_word' id='word_1_190' title='bbox 879 2564 1062 2640; x_wconf 77' lang='grc' dir='ltr'><em>ὑπαναγνούς</em></span> <span class='ocrx_word' id='word_1_191' title='bbox 1078 2571 1104 2622; x_wconf 88' lang='grc' dir='ltr'>Ρ.</span> <span class='ocrx_word' id='word_1_192' title='bbox 1194 2570 1252 2638; x_wconf 84' lang='lat' dir='ltr'>lege</span> <span class='ocrx_word' id='word_1_193' title='bbox 1270 2571 1347 2623; x_wconf 76' lang='lat' dir='ltr'>niet-</span> 
     </span>
     <span class='ocr_line' id='line_1_24' title="bbox 291 2639 1349 2719; baseline -0.001 -26"><span class='ocrx_word' id='word_1_194' title='bbox 291 2652 389 2698; x_wconf 78' lang='lat' dir='ltr'>·our.</span> <span class='ocrx_word' id='word_1_195' title='bbox 493 2642 552 2706; x_wconf 85' lang='lat' dir='ltr'>lege</span> <span class='ocrx_word' id='word_1_196' title='bbox 571 2641 851 2719; x_wconf 63' lang='lat' dir='ltr'>iyyeypupuueuous.⁸</span> <span class='ocrx_word' id='word_1_197' title='bbox 930 2641 968 2692; x_wconf 78' lang='lat'>13.</span> <span class='ocrx_word' id='word_1_198' title='bbox 986 2639 1045 2709; x_wconf 86' lang='lat' dir='ltr'>legs</span> <span class='ocrx_word' id='word_1_199' title='bbox 1065 2641 1152 2712; x_wconf 75' lang='grc' dir='ltr'><em>ἔμελε.</em></span> <span class='ocrx_word' id='word_1_200' title='bbox 1241 2644 1282 2708; x_wconf 65' lang='lat' dir='ltr'>tt.</span> <span class='ocrx_word' id='word_1_201' title='bbox 1300 2644 1349 2693; x_wconf 83' lang='lat' dir='ltr'>sul</span> 
     </span>
     <span class='ocr_line' id='line_1_25' title="bbox 331 2708 1346 2834; baseline 0.003 -75"><span class='ocrx_word' id='word_1_202' title='bbox 331 2711 561 2834; x_wconf 57' lang='grc' dir='ltr'><em>ιόιοιιεμοοεοὲιιω</em></span> <span class='ocrx_word' id='word_1_203' title='bbox 580 2711 687 2764; x_wconf 87' lang='lat' dir='ltr'>videtur</span> <span class='ocrx_word' id='word_1_204' title='bbox 704 2718 766 2780; x_wconf 81' lang='lat' dir='ltr'>poet</span> <span class='ocrx_word' id='word_1_205' title='bbox 785 2708 881 2764; x_wconf 77' lang='lat' dir='ltr'>utitor·</span> <span class='ocrx_word' id='word_1_206' title='bbox 975 2715 1014 2765; x_wconf 81' lang='lat'>18.</span> <span class='ocrx_word' id='word_1_207' title='bbox 1036 2711 1156 2782; x_wconf 74' lang='lat' dir='ltr'>dissipes</span> <span class='ocrx_word' id='word_1_208' title='bbox 1174 2711 1208 2763; x_wconf 90' lang='lat' dir='ltr'>G.</span> <span class='ocrx_word' id='word_1_209' title='bbox 1308 2729 1346 2780; x_wconf 78' lang='lat' dir='ltr'>rg-</span> 
     </span>
     <span class='ocr_line' id='line_1_26' title="bbox 349 2779 526 2852; baseline -0.017 -18"><span class='ocrx_word' id='word_1_210' title='bbox 349 2779 476 2852; x_wconf 84' lang='grc' dir='ltr'><em>μολόγως</em></span> <span class='ocrx_word' id='word_1_211' title='bbox 504 2779 526 2831; x_wconf 71' lang='grc'>’.</span> 
     </span>
    </p>
   </div>
   <div class='ocr_carea' id='block_1_7' title="bbox 264 2932 1356 4204">
    <p class='ocr_par' dir='ltr' id='par_1_7' title="bbox 264 2932 1356 4204">
     <span class='ocr_line' id='line_1_27' title="bbox 264 2932 1348 3004; baseline -0.005 -16"><span class='ocrx_word' id='word_1_212' title='bbox 264 2935 328 2988; x_wconf 86' lang='lat' dir='ltr'>loris</span> <span class='ocrx_word' id='word_1_213' title='bbox 349 2950 454 2986; x_wconf 89' lang='lat' dir='ltr'>sensum</span> <span class='ocrx_word' id='word_1_214' title='bbox 484 2933 574 2985; x_wconf 78' lang='lat' dir='ltr'>omnia</span> <span class='ocrx_word' id='word_1_215' title='bbox 601 2933 731 2986; x_wconf 83' lang='lat' dir='ltr'>iussurum</span> <span class='ocrx_word' id='word_1_216' title='bbox 758 2950 787 2986; x_wconf 90' lang='lat' dir='ltr'>se</span> <span class='ocrx_word' id='word_1_217' title='bbox 812 2950 871 2986; x_wconf 87' lang='lat' dir='ltr'>esse</span> <span class='ocrx_word' id='word_1_218' title='bbox 893 2935 1087 3004; x_wconf 80' lang='lat' dir='ltr'>polliceretur,</span> <span class='ocrx_word' id='word_1_219' title='bbox 1116 2937 1207 2988; x_wconf 82' lang='lat' dir='ltr'>statim</span> <span class='ocrx_word' id='word_1_220' title='bbox 1235 2932 1348 2984; x_wconf 84' lang='lat' dir='ltr'>remissis</span> 
     </span>
     <span class='ocr_line' id='line_1_28' title="bbox 264 3003 1349 3075; baseline -0.004 -17"><span class='ocrx_word' id='word_1_221' title='bbox 264 3005 388 3068; x_wconf 88' lang='lat' dir='ltr'>lidiculis,</span> <span class='ocrx_word' id='word_1_222' title='bbox 407 3003 494 3056; x_wconf 87' lang='lat' dir='ltr'>scriba</span> <span class='ocrx_word' id='word_1_223' title='bbox 513 3004 674 3067; x_wconf 74' lang='lat' dir='ltr'>advocatur,</span> <span class='ocrx_word' id='word_1_224' title='bbox 702 3004 766 3056; x_wconf 89' lang='lat' dir='ltr'>stilo</span> <span class='ocrx_word' id='word_1_225' title='bbox 786 3005 939 3056; x_wconf 85' lang='lat' dir='ltr'>instructus.</span> <span class='ocrx_word' id='word_1_226' title='bbox 975 3006 1118 3075; x_wconf 74' lang='lat' dir='ltr'>Gregorius</span> <span class='ocrx_word' id='word_1_227' title='bbox 1137 3007 1159 3058; x_wconf 88' lang='lat' dir='ltr'>is</span> <span class='ocrx_word' id='word_1_228' title='bbox 1178 3013 1237 3057; x_wconf 74' lang='grc' dir='ltr'><em>τιτι</em></span> <span class='ocrx_word' id='word_1_229' title='bbox 1255 3005 1349 3056; x_wconf 75' lang='lat' dir='ltr'>cama.</span> 
     </span>
     <span class='ocr_line' id='line_1_29' title="bbox 264 3075 1349 3147; baseline -0.005 -19"><span class='ocrx_word' id='word_1_230' title='bbox 264 3087 348 3138; x_wconf 87' lang='lat' dir='ltr'>terus,</span> <span class='ocrx_word' id='word_1_231' title='bbox 365 3077 410 3146; x_wconf 89' lang='lat' dir='ltr'>qui</span> <span class='ocrx_word' id='word_1_232' title='bbox 427 3091 515 3144; x_wconf 84' lang='lat' dir='ltr'>nuper</span> <span class='ocrx_word' id='word_1_233' title='bbox 532 3076 686 3147; x_wconf 83' lang='lat' dir='ltr'>imperatori</span> <span class='ocrx_word' id='word_1_234' title='bbox 701 3075 735 3125; x_wconf 86' lang='lat' dir='ltr'>ab</span> <span class='ocrx_word' id='word_1_235' title='bbox 751 3076 874 3143; x_wconf 86' lang='lat' dir='ltr'>epistolis</span> <span class='ocrx_word' id='word_1_236' title='bbox 898 3077 984 3129; x_wconf 82' lang='lat' dir='ltr'>sactus</span> <span class='ocrx_word' id='word_1_237' title='bbox 1004 3086 1069 3128; x_wconf 80' lang='lat' dir='ltr'>erat.</span> <span class='ocrx_word' id='word_1_238' title='bbox 1105 3078 1241 3144; x_wconf 83' lang='lat' dir='ltr'>Diogenes</span> <span class='ocrx_word' id='word_1_239' title='bbox 1260 3075 1349 3126; x_wconf 84' lang='lat' dir='ltr'>omnia</span> 
     </span>
     <span class='ocr_line' id='line_1_30' title="bbox 265 3145 1349 3215; baseline -0.003 -17"><span class='ocrx_word' id='word_1_240' title='bbox 265 3145 403 3198; x_wconf 81' lang='lat' dir='ltr'>c&#39;onlessus</span> <span class='ocrx_word' id='word_1_241' title='bbox 429 3155 470 3197; x_wconf 89' lang='lat' dir='ltr'>est</span> <span class='ocrx_word' id='word_1_242' title='bbox 498 3161 528 3196; x_wconf 81' lang='lat' dir='ltr'>sc</span> <span class='ocrx_word' id='word_1_243' title='bbox 548 3145 713 3196; x_wconf 71' lang='lat' dir='ltr'>nesseden:</span> <span class='ocrx_word' id='word_1_244' title='bbox 734 3145 842 3215; x_wconf 87' lang='lat' dir='ltr'>quidem</span> <span class='ocrx_word' id='word_1_245' title='bbox 863 3148 979 3199; x_wconf 85' lang='lat' dir='ltr'>reticuit.</span> <span class='ocrx_word' id='word_1_246' title='bbox 1015 3164 1094 3198; x_wconf 81' lang='lat' dir='ltr'>mane</span> <span class='ocrx_word' id='word_1_247' title='bbox 1119 3148 1201 3215; x_wconf 89' lang='lat' dir='ltr'>igitur</span> <span class='ocrx_word' id='word_1_248' title='bbox 1219 3147 1349 3206; x_wconf 76' lang='lat' dir='ltr'>tttuzaoes,</span> 
     </span>
     <span class='ocr_line' id='line_1_31' title="bbox 266 3215 1351 3288; baseline -0.003 -21"><span class='ocrx_word' id='word_1_249' title='bbox 266 3219 367 3288; x_wconf 88' lang='lat' dir='ltr'>quibus</span> <span class='ocrx_word' id='word_1_250' title='bbox 387 3215 567 3267; x_wconf 78' lang='lat' dir='ltr'>consessiones</span> <span class='ocrx_word' id='word_1_251' title='bbox 596 3215 670 3266; x_wconf 88' lang='lat' dir='ltr'>illius</span> <span class='ocrx_word' id='word_1_252' title='bbox 689 3217 853 3285; x_wconf 75' lang='lat' dir='ltr'>perscriptae</span> <span class='ocrx_word' id='word_1_253' title='bbox 882 3225 967 3280; x_wconf 90' lang='lat' dir='ltr'>erant,</span> <span class='ocrx_word' id='word_1_254' title='bbox 986 3217 1092 3269; x_wconf 82' lang='lat' dir='ltr'>tubulas</span> <span class='ocrx_word' id='word_1_255' title='bbox 1112 3225 1140 3268; x_wconf 86' lang='lat' dir='ltr'>et</span> <span class='ocrx_word' id='word_1_256' title='bbox 1157 3233 1224 3286; x_wconf 83' lang='lat' dir='ltr'>quas</span> <span class='ocrx_word' id='word_1_257' title='bbox 1243 3215 1351 3283; x_wconf 81' lang='lat' dir='ltr'>indage-</span> 
     </span>
     <span class='ocr_line' id='line_1_32' title="bbox 265 3285 1349 3357; baseline -0.003 -19"><span class='ocrx_word' id='word_1_258' title='bbox 265 3295 343 3338; x_wconf 78' lang='lat' dir='ltr'>rernt</span> <span class='ocrx_word' id='word_1_259' title='bbox 360 3287 472 3348; x_wconf 75' lang='lat' dir='ltr'>litteras,</span> <span class='ocrx_word' id='word_1_260' title='bbox 492 3305 506 3336; x_wconf 84' lang='lat' dir='ltr'>a</span> <span class='ocrx_word' id='word_1_261' title='bbox 526 3286 686 3355; x_wconf 85' lang='lat' dir='ltr'>quibusdum</span> <span class='ocrx_word' id='word_1_262' title='bbox 704 3285 739 3337; x_wconf 84' lang='lat' dir='ltr'>ad</span> <span class='ocrx_word' id='word_1_263' title='bbox 756 3287 905 3354; x_wconf 76' lang='lat' dir='ltr'>Diogenem</span> <span class='ocrx_word' id='word_1_264' title='bbox 924 3288 1009 3350; x_wconf 78' lang='lat' dir='ltr'>dutus,</span> <span class='ocrx_word' id='word_1_265' title='bbox 1026 3303 1059 3338; x_wconf 83' lang='lat' dir='ltr'>ex</span> <span class='ocrx_word' id='word_1_266' title='bbox 1078 3286 1179 3357; x_wconf 89' lang='lat' dir='ltr'>quibus</span> <span class='ocrx_word' id='word_1_267' title='bbox 1196 3286 1349 3356; x_wconf 67' lang='lat' dir='ltr'>apparebat,</span> 
     </span>
     <span class='ocr_line' id='line_1_33' title="bbox 267 3355 1352 3427; baseline -0.002 -19"><span class='ocrx_word' id='word_1_268' title='bbox 267 3359 462 3427; x_wconf 76' lang='lat' dir='ltr'>imperatricem</span> <span class='ocrx_word' id='word_1_269' title='bbox 481 3373 591 3426; x_wconf 89' lang='lat' dir='ltr'>quoque</span> <span class='ocrx_word' id='word_1_270' title='bbox 606 3357 715 3408; x_wconf 81' lang='lat' dir='ltr'>Murisrn</span> <span class='ocrx_word' id='word_1_271' title='bbox 735 3355 918 3408; x_wconf 82' lang='lat' dir='ltr'>deiectionem</span> <span class='ocrx_word' id='word_1_272' title='bbox 929 3356 1056 3425; x_wconf 77' lang='lat' dir='ltr'>Diogenis</span> <span class='ocrx_word' id='word_1_273' title='bbox 1071 3375 1127 3409; x_wconf 89' lang='lat' dir='ltr'>noa</span> <span class='ocrx_word' id='word_1_274' title='bbox 1145 3361 1287 3426; x_wconf 84' lang='lat' dir='ltr'>ignorasse,</span> <span class='ocrx_word' id='word_1_275' title='bbox 1304 3355 1352 3408; x_wconf 86' lang='lat' dir='ltr'>sed</span> 
     </span>
     <span class='ocr_line' id='line_1_34' title="bbox 268 3426 1353 3498; baseline -0.003 -18"><span class='ocrx_word' id='word_1_276' title='bbox 268 3427 357 3480; x_wconf 85' lang='lat' dir='ltr'>caedis</span> <span class='ocrx_word' id='word_1_277' title='bbox 376 3438 466 3482; x_wconf 80' lang='lat' dir='ltr'>tamen</span> <span class='ocrx_word' id='word_1_278' title='bbox 483 3428 624 3478; x_wconf 87' lang='lat' dir='ltr'>consilium</span> <span class='ocrx_word' id='word_1_279' title='bbox 642 3429 750 3478; x_wconf 89' lang='lat' dir='ltr'>minime</span> <span class='ocrx_word' id='word_1_280' title='bbox 767 3427 903 3498; x_wconf 81' lang='lat' dir='ltr'>probasse,</span> <span class='ocrx_word' id='word_1_281' title='bbox 921 3430 988 3498; x_wconf 85' lang='lat' dir='ltr'>quin</span> <span class='ocrx_word' id='word_1_282' title='bbox 1006 3429 1088 3480; x_wconf 88' lang='lat' dir='ltr'>etiam</span> <span class='ocrx_word' id='word_1_283' title='bbox 1111 3446 1221 3497; x_wconf 83' lang='lat' dir='ltr'>operam</span> <span class='ocrx_word' id='word_1_284' title='bbox 1240 3426 1353 3488; x_wconf 87' lang='lat' dir='ltr'>dedisse,</span> 
     </span>
     <span class='ocr_line' id='line_1_35' title="bbox 269 3495 1353 3568; baseline -0.002 -19"><span class='ocrx_word' id='word_1_285' title='bbox 269 3507 300 3549; x_wconf 91' lang='lat' dir='ltr'>ut</span> <span class='ocrx_word' id='word_1_286' title='bbox 313 3515 375 3549; x_wconf 88' lang='lat' dir='ltr'>eum</span> <span class='ocrx_word' id='word_1_287' title='bbox 386 3513 466 3550; x_wconf 79' lang='lat' dir='ltr'>nonu</span> <span class='ocrx_word' id='word_1_288' title='bbox 484 3497 565 3548; x_wconf 79' lang='lat' dir='ltr'>caede</span> <span class='ocrx_word' id='word_1_289' title='bbox 584 3505 694 3561; x_wconf 81' lang='lat' dir='ltr'>tuntum,</span> <span class='ocrx_word' id='word_1_290' title='bbox 708 3495 757 3548; x_wconf 86' lang='lat' dir='ltr'>sed</span> <span class='ocrx_word' id='word_1_291' title='bbox 774 3499 809 3549; x_wconf 83' lang='lat' dir='ltr'>ab</span> <span class='ocrx_word' id='word_1_292' title='bbox 822 3499 879 3568; x_wconf 90' lang='lat' dir='ltr'>ipso</span> <span class='ocrx_word' id='word_1_293' title='bbox 892 3499 1007 3550; x_wconf 87' lang='lat' dir='ltr'>consilio</span> <span class='ocrx_word' id='word_1_294' title='bbox 1028 3509 1172 3562; x_wconf 84' lang='lat' dir='ltr'>revocaret,</span> <span class='ocrx_word' id='word_1_295' title='bbox 1189 3499 1257 3550; x_wconf 80' lang='lat' dir='ltr'>haec</span> <span class='ocrx_word' id='word_1_296' title='bbox 1274 3499 1353 3565; x_wconf 87' lang='lat' dir='ltr'>igitur</span> 
     </span>
     <span class='ocr_line' id='line_1_36' title="bbox 270 3567 1355 3639; baseline -0.002 -19"><span class='ocrx_word' id='word_1_297' title='bbox 270 3569 369 3636; x_wconf 81' lang='lat' dir='ltr'>scriptu</span> <span class='ocrx_word' id='word_1_298' title='bbox 398 3568 554 3638; x_wconf 77' lang='lat' dir='ltr'>imperatori</span> <span class='ocrx_word' id='word_1_299' title='bbox 577 3567 679 3618; x_wconf 81' lang='lat' dir='ltr'>desert.</span> <span class='ocrx_word' id='word_1_300' title='bbox 716 3583 785 3637; x_wconf 81' lang='lat' dir='ltr'>quse</span> <span class='ocrx_word' id='word_1_301' title='bbox 814 3585 872 3619; x_wconf 89' lang='lat' dir='ltr'>cum</span> <span class='ocrx_word' id='word_1_302' title='bbox 891 3569 914 3619; x_wconf 91' lang='lat' dir='ltr'>is</span> <span class='ocrx_word' id='word_1_303' title='bbox 933 3570 1051 3637; x_wconf 74' lang='lat' dir='ltr'>legisset,</span> <span class='ocrx_word' id='word_1_304' title='bbox 1070 3586 1164 3639; x_wconf 83' lang='lat' dir='ltr'>magne</span> <span class='ocrx_word' id='word_1_305' title='bbox 1185 3574 1298 3620; x_wconf 77' lang='lat' dir='ltr'>auectus</span> <span class='ocrx_word' id='word_1_306' title='bbox 1316 3575 1355 3618; x_wconf 85' lang='lat' dir='ltr'>est</span> 
     </span>
     <span class='ocr_line' id='line_1_37' title="bbox 271 3639 1354 3710; baseline 0.003 -23"><span class='ocrx_word' id='word_1_307' title='bbox 271 3639 463 3690; x_wconf 86' lang='lat' dir='ltr'>sollicitudine.</span> <span class='ocrx_word' id='word_1_308' title='bbox 479 3639 580 3708; x_wconf 86' lang='lat' dir='ltr'>quippe</span> <span class='ocrx_word' id='word_1_309' title='bbox 600 3639 698 3707; x_wconf 78' lang='lat' dir='ltr'>plures,</span> <span class='ocrx_word' id='word_1_310' title='bbox 720 3656 799 3708; x_wconf 84' lang='lat' dir='ltr'>quam</span> <span class='ocrx_word' id='word_1_311' title='bbox 820 3639 967 3708; x_wconf 75' lang='lat' dir='ltr'>auspicatur</span> <span class='ocrx_word' id='word_1_312' title='bbox 985 3649 1052 3703; x_wconf 86' lang='lat' dir='ltr'>erat,</span> <span class='ocrx_word' id='word_1_313' title='bbox 1069 3641 1166 3692; x_wconf 84' lang='lat' dir='ltr'>litteris</span> <span class='ocrx_word' id='word_1_314' title='bbox 1185 3640 1354 3710; x_wconf 82' lang='lat' dir='ltr'>consignatos</span> 
     </span>
     <span class='ocr_line' id='line_1_38' title="bbox 273 3707 1355 3779; baseline 0 -20"><span class='ocrx_word' id='word_1_315' title='bbox 273 3709 382 3775; x_wconf 82' lang='lat' dir='ltr'>reperit,</span> <span class='ocrx_word' id='word_1_316' title='bbox 401 3719 429 3761; x_wconf 86' lang='lat' dir='ltr'>et</span> <span class='ocrx_word' id='word_1_317' title='bbox 448 3726 493 3760; x_wconf 90' lang='lat' dir='ltr'>eos</span> <span class='ocrx_word' id='word_1_318' title='bbox 513 3707 623 3778; x_wconf 78' lang='lat' dir='ltr'>‹pridem</span> <span class='ocrx_word' id='word_1_319' title='bbox 642 3709 777 3778; x_wconf 84' lang='lat' dir='ltr'>principes</span> <span class='ocrx_word' id='word_1_320' title='bbox 797 3711 915 3760; x_wconf 84' lang='lat' dir='ltr'>civitatis</span> <span class='ocrx_word' id='word_1_321' title='bbox 935 3726 1037 3762; x_wconf 88' lang='lat' dir='ltr'>omnes.</span> <span class='ocrx_word' id='word_1_322' title='bbox 1059 3711 1191 3779; x_wconf 84' lang='lat' dir='ltr'>Diogenes</span> <span class='ocrx_word' id='word_1_323' title='bbox 1211 3711 1284 3762; x_wconf 88' lang='lat' dir='ltr'>enim</span> <span class='ocrx_word' id='word_1_324' title='bbox 1303 3724 1355 3761; x_wconf 90' lang='lat' dir='ltr'>non</span> 
     </span>
     <span class='ocr_line' id='line_1_39' title="bbox 273 3777 1355 3849; baseline -0.001 -19"><span class='ocrx_word' id='word_1_325' title='bbox 273 3777 417 3830; x_wconf 80' lang='lat' dir='ltr'>admodum</span> <span class='ocrx_word' id='word_1_326' title='bbox 446 3777 551 3830; x_wconf 81' lang='lat' dir='ltr'>studuit</span> <span class='ocrx_word' id='word_1_327' title='bbox 579 3777 758 3830; x_wconf 82' lang='lat' dir='ltr'>demerendae</span> <span class='ocrx_word' id='word_1_328' title='bbox 784 3777 970 3843; x_wconf 83' lang='lat' dir='ltr'>multitudini,</span> <span class='ocrx_word' id='word_1_329' title='bbox 998 3782 1075 3832; x_wconf 90' lang='lat' dir='ltr'>cuius</span> <span class='ocrx_word' id='word_1_330' title='bbox 1099 3782 1232 3849; x_wconf 86' lang='lat' dir='ltr'>egregiam</span> <span class='ocrx_word' id='word_1_331' title='bbox 1251 3797 1312 3848; x_wconf 76' lang='lat' dir='ltr'>erga</span> <span class='ocrx_word' id='word_1_332' title='bbox 1328 3794 1355 3829; x_wconf 91' lang='lat' dir='ltr'>se</span> 
     </span>
     <span class='ocr_line' id='line_1_40' title="bbox 274 3847 1355 3923; baseline 0.001 -25"><span class='ocrx_word' id='word_1_333' title='bbox 274 3849 440 3900; x_wconf 82' lang='lat' dir='ltr'>voluntatem</span> <span class='ocrx_word' id='word_1_334' title='bbox 459 3849 631 3918; x_wconf 80' lang='lat' dir='ltr'>studiumque</span> <span class='ocrx_word' id='word_1_335' title='bbox 648 3847 749 3902; x_wconf 85' lang='lat' dir='ltr'>dudum</span> <span class='ocrx_word' id='word_1_336' title='bbox 767 3859 874 3911; x_wconf 85' lang='lat' dir='ltr'>nosset,</span> <span class='ocrx_word' id='word_1_337' title='bbox 894 3848 943 3900; x_wconf 78' lang='lat' dir='ltr'>secl</span> <span class='ocrx_word' id='word_1_338' title='bbox 960 3851 1096 3923; x_wconf 86' lang='lat' dir='ltr'>quidquid</span> <span class='ocrx_word' id='word_1_339' title='bbox 1113 3852 1257 3904; x_wconf 81' lang='lat' dir='ltr'>castrensis</span> <span class='ocrx_word' id='word_1_340' title='bbox 1275 3859 1355 3918; x_wconf 76' lang='lat' dir='ltr'>atque</span> 
     </span>
     <span class='ocr_line' id='line_1_41' title="bbox 275 3919 1356 3989; baseline 0.001 -21"><span class='ocrx_word' id='word_1_341' title='bbox 275 3919 393 3969; x_wconf 85' lang='lat' dir='ltr'>urbanus</span> <span class='ocrx_word' id='word_1_342' title='bbox 422 3919 569 3970; x_wconf 80' lang='lat' dir='ltr'>nobilitatis</span> <span class='ocrx_word' id='word_1_343' title='bbox 595 3927 666 3978; x_wconf 82' lang='lat' dir='ltr'>erut,</span> <span class='ocrx_word' id='word_1_344' title='bbox 692 3921 838 3970; x_wconf 75' lang='lat' dir='ltr'>conciliare</span> <span class='ocrx_word' id='word_1_345' title='bbox 860 3919 914 3970; x_wconf 87' lang='lat' dir='ltr'>sibi</span> <span class='ocrx_word' id='word_1_346' title='bbox 932 3921 1078 3973; x_wconf 84' lang='lat' dir='ltr'>nitebatur.</span> <span class='ocrx_word' id='word_1_347' title='bbox 1113 3923 1269 3989; x_wconf 87' lang='lat' dir='ltr'>imperator,</span> <span class='ocrx_word' id='word_1_348' title='bbox 1288 3936 1356 3989; x_wconf 84' lang='lat' dir='ltr'>quae</span> 
     </span>
     <span class='ocr_line' id='line_1_42' title="bbox 275 3987 1356 4061; baseline 0.002 -23"><span class='ocrx_word' id='word_1_349' title='bbox 275 3987 385 4058; x_wconf 87' lang='lat' dir='ltr'>quidem</span> <span class='ocrx_word' id='word_1_350' title='bbox 413 3989 607 4057; x_wconf 87' lang='lat' dir='ltr'>imperatricem</span> <span class='ocrx_word' id='word_1_351' title='bbox 626 3991 737 4040; x_wconf 83' lang='lat' dir='ltr'>lllnrinnr</span> <span class='ocrx_word' id='word_1_352' title='bbox 766 3989 931 4054; x_wconf 78' lang='lat' dir='ltr'>attinebant,</span> <span class='ocrx_word' id='word_1_353' title='bbox 960 3994 1124 4061; x_wconf 82' lang='lat' dir='ltr'>sempiterno</span> <span class='ocrx_word' id='word_1_354' title='bbox 1143 3993 1255 4045; x_wconf 88' lang='lat' dir='ltr'>silentio</span> <span class='ocrx_word' id='word_1_355' title='bbox 1273 3991 1356 4060; x_wconf 89' lang='lat' dir='ltr'>premi</span> 
     </span>
     <span class='ocr_line' id='line_1_43' title="bbox 275 4059 1356 4130; baseline 0.002 -21"><span class='ocrx_word' id='word_1_356' title='bbox 275 4059 428 4124; x_wconf 51' lang='lat' dir='ltr'>voluimus</span> <span class='ocrx_word' id='word_1_357' title='bbox 445 4076 507 4112; x_wconf 87' lang='lat' dir='ltr'>sane</span> <span class='ocrx_word' id='word_1_358' title='bbox 528 4061 595 4110; x_wconf 90' lang='lat' dir='ltr'>nihil</span> <span class='ocrx_word' id='word_1_359' title='bbox 614 4059 763 4130; x_wconf 86' lang='lat' dir='ltr'>quidquam</span> <span class='ocrx_word' id='word_1_360' title='bbox 786 4079 877 4112; x_wconf 89' lang='lat' dir='ltr'>eorum</span> <span class='ocrx_word' id='word_1_361' title='bbox 896 4078 923 4112; x_wconf 91' lang='lat' dir='ltr'>se</span> <span class='ocrx_word' id='word_1_362' title='bbox 942 4063 1009 4114; x_wconf 88' lang='lat' dir='ltr'>scire</span> <span class='ocrx_word' id='word_1_363' title='bbox 1026 4062 1195 4121; x_wconf 80' lang='lat' dir='ltr'>assimulavit</span> <span class='ocrx_word' id='word_1_364' title='bbox 1211 4062 1247 4115; x_wconf 90' lang='lat' dir='ltr'>ob</span> <span class='ocrx_word' id='word_1_365' title='bbox 1264 4061 1356 4113; x_wconf 77' lang='lat' dir='ltr'>amici-</span> 
     </span>
     <span class='ocr_line' id='line_1_44' title="bbox 276 4128 1356 4204; baseline 0.004 -24"><span class='ocrx_word' id='word_1_366' title='bbox 276 4131 331 4182; x_wconf 83' lang='lat' dir='ltr'>tine</span> <span class='ocrx_word' id='word_1_367' title='bbox 351 4128 461 4194; x_wconf 76' lang='lat' dir='ltr'>foedus,</span> <span class='ocrx_word' id='word_1_368' title='bbox 482 4129 554 4200; x_wconf 91' lang='lat' dir='ltr'>quod</span> <span class='ocrx_word' id='word_1_369' title='bbox 572 4129 680 4181; x_wconf 78' lang='lat' dir='ltr'>¹¹inierat</span> <span class='ocrx_word' id='word_1_370' title='bbox 701 4144 761 4184; x_wconf 89' lang='lat' dir='ltr'>cum</span> <span class='ocrx_word' id='word_1_371' title='bbox 781 4133 843 4196; x_wconf 84' lang='lat' dir='ltr'>ille,</span> <span class='ocrx_word' id='word_1_372' title='bbox 870 4140 1014 4204; x_wconf 85' lang='lat' dir='ltr'>autequam</span> <span class='ocrx_word' id='word_1_373' title='bbox 1035 4134 1142 4204; x_wconf 87' lang='lat' dir='ltr'>imperii</span> <span class='ocrx_word' id='word_1_374' title='bbox 1157 4134 1261 4204; x_wconf 84' lang='lat' dir='ltr'>potitus</span> <span class='ocrx_word' id='word_1_375' title='bbox 1279 4138 1356 4186; x_wconf 78' lang='lat' dir='ltr'>esset</span> 
     </span>
    </p>
   </div>
   <div class='ocr_carea' id='block_1_8' title="bbox 0 0 1534 4800">
    <p class='ocr_par' dir='ltr' id='par_1_8' title="bbox 0 0 1534 4800">
     <span class='ocr_line' id='line_1_45' title="bbox 0 0 1534 4800; baseline 0 0"><span class='ocrx_word' id='word_1_376' title='bbox 0 0 1534 4800; x_wconf 95' lang='lat' dir='ltr'> </span> 
     </span>
    </p>
   </div>
  </div>
 </body>
</html>
