2984 4800
285 219 346 322 ui
633 245 772 314 tuum
801 243 1025 312 nouatum

285 417 340 470 νος
360 395 441 482 ρ’έοιν
461 389 528 478 ἥβη
552 396 678 482 ἀνδρῶν
709 397 894 462 παντοδαποὶ
924 393 1005 480 πρὸς
1024 399 1135 464 κακίαν
1156 397 1296 485 ἀναφύει
1316 399 1377 465 καί

285 495 469 576 νιάντολμα,
495 489 621 579 ἀρκέσει
656 494 733 560 adad
752 497 844 562 τούτο
873 493 907 560 ad
927 497 1010 579 μηδὲ
1031 494 1141 580 μικρόν
1160 522 1191 562 τι
1208 501 1267 562 τού
1288 522 1375 582 πριι-

284 597 416 678 χθέντος
446 597 646 675 ἀνασχέσθαι
664 593 750 677 ἤμιῖς
779 587 986 680 νιαρεμιγῆναι
1013 585 1036 678 ἢ
1057 591 1288 680 διηγήσασθαι,
1316 597 1377 660 καί

284 695 388 756 ταῦτα
420 691 614 776 ἀρχιερέως,
644 685 672 756 ἀ
703 695 799 776 δίκη,
827 695 883 757 καί
903 694 1003 760 ταῦτα
1030 691 1155 775 πρώτου
1176 696 1373 778 ἀρχιερέως,

285 794 340 855 καί
368 794 469 856 ταῦτα
489 793 731 875 προκαθημένου
764 796 818 876 τῆς
839 793 1022 875 οἰκουμένης
1043 792 1166 876 ἀπάσης
1183 794 1351 878 γενομένου
1361 799 1403 877 ,5

285 884 392 972 ὥσπερ
416 880 474 954 οὖν
489 891 546 954 καί
564 889 595 953 οἱ
615 896 751 956 Λατῖνοι
769 890 900 972 λέγουσι’
914 913 948 956 τε
968 891 1025 953 καί
1044 889 1181 955 οἴονται·
1221 889 1287 958 ἔστι
1308 889 1373 976 γὰρ

253 988 342 1058 υκαί
360 993 453 1056 τούτο
471 995 527 1074 τῆς
545 984 734 1068 ἀλαζονείας
759 989 872 1055 adnuis.
922 987 1210 1071 μετοπειιτωκότιον
1226 988 1289 1074 γὰρ
1310 995 1375 1056 τάν

285 1087 453 1174 σκήπτρων
472 1092 594 1154 ἐκεῖθεν
620 1091 737 1154 ἐνθάδε
760 1091 805 1165 εἰς
827 1087 884 1174 την
902 1087 1068 1172 ἦμεδαιιην
1089 1111 1122 1154 τε
1141 1088 1197 1154 καί
1215 1085 1375 1174 ἡμετέραν

285 1192 437 1272 βασιλίδα
466 1187 558 1254 νιύλιν
591 1188 647 1254 καί
676 1188 716 1272 δη
755 1190 810 1254 καί
834 1189 889 1274 τῆς
911 1187 1085 1271 συγκλήτου
1107 1185 1162 1253 καί
1180 1181 1249 1269 ἅμα
1269 1189 1374 1272 νούσης

285 1294 341 1372 τῆς
369 1287 503 1367 τάξεως,
533 1290 757 1370 μετααέττακε
790 1289 843 1352 καί
869 1285 889 1370 ἦ
918 1290 981 1352 τῶν
1008 1283 1134 1368 θρόνων
1161 1283 1371 1372 ἀρχιερατικη
1387 1315 1424 1358 to

285 1389 382 1467 τάξις.
425 1393 482 1454 καί
503 1385 680 1452 δεδοίκασιν
712 1384 742 1451 οἳ
763 1387 916 1450 ἀνέκαθεν
937 1391 1077 1468 βασιλεῖς
1095 1384 1134 1452 τύ
1160 1391 1313 1472 πρεσβεῖα
1330 1389 1377 1474 τῷ

286 1489 392 1576 θρόνῳ
412 1493 468 1571 τῆς
489 1483 876 1563 Κοινστοντινοονιύλεως,
911 1487 966 1550 καί
986 1481 1123 1565 μάλιστα
1145 1484 1165 1570 ἡ
1188 1487 1222 1550 έν
1243 1489 1376 1568 Χαλκη-

286 1588 352 1652 δύνι
371 1586 504 1663 σύνοδος
538 1589 585 1662 είς
605 1585 770 1670 τιεριοοσην
803 1586 982 1668 πρωτίστην
1001 1583 1055 1648 τὸν
1075 1581 1377 1649 nummorum-

285 1691 366 1762 λεας
384 1685 653 1769 ἀναβιβασαμένη,
675 1682 734 1761 τὰς
754 1680 814 1748 ἀνά
836 1681 895 1767 τὴν
909 1683 1092 1768 οἰκουμένην
1103 1681 1271 1769 διοικήσεις
1290 1678 1378 1748 aiud·

286 1807 345 1860 σας
365 1784 428 1849 sind
449 1784 562 1849 τοῦτον
588 1783 735 1861 έεάξατο.
778 1778 898 1866 μήποτε
919 1775 976 1848 adr
1003 1781 1023 1866 ἡ
1045 1778 1177 1866 τοιαύτη
1198 1779 1277 1865 πρὸς
1295 1780 1376 1858 τούς
1389 1793 1426 1858 15

203 1885 442 1965 Ρ.3οτιρέσβεας
472 1879 569 1966 ύβρις
598 1883 770 1966 ἀνεφέρετο
797 1879 878 1965 πρὸς
906 1879 963 1946 τὰν
990 1881 1179 1968 πεπομφότα
1208 1874 1310 1962 ούσα,
1334 1874 1374 1944 ού

285 1979 381 2064 μόνον
401 1978 451 2046 δτι
473 1983 608 2056 τούτους
631 1976 799 2061 ἐκόλασεν,
829 1981 899 2044 ἀλλ’
934 1974 984 2044 δτι
1011 1983 1066 2046 καί
1093 1979 1202 2064 καινήν
1220 2003 1290 2045 τινα
1313 1977 1375 2062 την

284 2084 331 2159 είς
350 2079 468 2156 αύτούς
486 2083 654 2165 γενομένην
673 2075 770 2162 ύβριν
788 2079 886 2154 αάτὸς
905 2081 1025 2165 πρῶτος
1045 2077 1202 2163 έξεύρατο.
1230 2079 1375 2166 ᾐνίττετο

283 2180 347 2266 γάρ
367 2183 412 2246 δι’
429 2172 475 2246 ὧν
495 2181 595 2244 ένιοίει
615 2178 652 2244 τύ
672 2179 731 2244 τού
752 2175 865 2261 ῥηγύς,
888 2173 932 2252 οἷς
951 2172 1060 2258 οἶμαι,
1084 2177 1374 2264 εὐκαταφρόνητον,

284 2275 389 2364 ἀσαερ
410 2302 460 2355 τις
489 2274 623 2362 ἡμίθεος
652 2275 776 2365 ἤμιύνιρ
807 2272 1024 2358 διαλεγόμενος
1054 2276 1109 2341 dmi
1130 2281 1193 2342 τάν
1215 2281 1426 2358 ταθυβρι-ῃο

283 2382 409 2463 σμένον
433 2379 569 2444 τουτονί
594 2378 770 2464 πρέσβεων.
820 2373 916 2457 ὁμέν
936 2367 994 2441 ούν
1014 2375 1119 2453 sidroc
1140 2375 1248 2463 έαειδη
1270 2379 1376 2443 ταῦτα

360 2577 381 2612 r.
399 2556 562 2629 ἀνθρώπων
579 2559 612 2613 Δ.
697 2558 723 2626 4.
741 2556 852 2613 δίκαιον
869 2559 899 2609 Α.
997 2558 1022 2610 5.
1040 2560 1193 2629 γενομένου
1211 2558 1235 2609 G
1252 2558 1281 2610 in
1299 2575 1376 2611 mar-

354 2631 435 2701 gine,
451 2628 607 2701 γενόμενον
624 2626 678 2681 GP.
799 2648 825 2697 9.
844 2632 892 2682 καί
914 2627 963 2695 τῆς
981 2626 1043 2695 ὅλης
1065 2628 1208 2698 βασιλικῆς
1226 2628 1328 2690 τάξεως
1340 2633 1375 2682 Δ.

359 2718 398 2752 τυ.
417 2701 461 2765 τῆς
480 2698 543 2756 add.
559 2702 591 2753 Δ.
683 2698 721 2750 ι5.
741 2698 876 2761 irritato:
897 2700 1010 2765 ἐποίησε
1027 2701 1057 2751 Α.
1146 2702 1181 2753 ι6.
1197 2699 1375 2773 ντειτομφύτοι

355 2772 452 2827 'orion
470 2768 502 2821 G.
594 2768 634 2825 se.
653 2764 736 2831 αὐτὸς
753 2768 815 2823 add.
833 2770 865 2821 G.
959 2768 1100 2843 ἐφεύρατο
1118 2768 1151 2823 G.

286 2933 394 2997 facturn,
409 2928 482 3003 qsrod
504 2931 527 2983 ei
546 2930 700 2983 distinctius
716 2930 857 2995 referrem,
875 2930 1006 2983 calamum
1027 2930 1099 2983 hunc
1117 2930 1290 3001 chartamque
1308 2934 1373 3003 poi.

286 3002 396 3056 luerem.
421 3018 514 3054 verum
535 3010 566 3053 ut
584 3009 727 3071 appareat,
746 3018 801 3072 quo
827 3001 952 3072 progredi
971 3018 1058 3071 usque
1075 3000 1188 3053 barbara
1209 3002 1374 3071 impotentia

285 3082 370 3145 queat
385 3081 414 3126 ei
440 3090 521 3142 quern
546 3073 654 3125 scelesti
676 3089 873 3142 nonnunquam
895 3080 924 3124 et
948 3072 1044 3125 nefarii
1063 3072 1199 3123 hominurn
1218 3090 1306 3125 morea
1321 3074 1374 3129 de-

284 3162 364 3197 eumn
381 3154 532 3213 temporum
560 3144 693 3206 existant,
723 3143 775 3195 hoc
794 3160 877 3194 arnum
895 3143 1011 3194 sufficiat
1028 3142 1134 3207 dicero,
1153 3143 1231 3197 nulio
1247 3144 1330 3196 modo
1355 3164 1374 3199 a

276 3233 328 3269 sne
347 3215 485 3285 impetrari
502 3228 599 3283 possa,
617 3222 648 3265 ut
660 3213 703 3266 rei
723 3212 862 3265 tantillum
882 3214 1020 3265 enuntiem
1039 3213 1165 3266 facinoris
1182 3215 1323 3267 commissi.
1343 3226 1375 3269 et

285 3288 420 3339 commissi
449 3283 482 3336 ab
513 3285 658 3353 episcopo,
686 3300 737 3353 pro
769 3284 852 3347 deus,
880 3292 962 3353 atque
979 3284 1049 3335 adeo
1073 3302 1088 3335 a
1117 3302 1220 3337 summo
1242 3286 1373 3357 episeopo

285 3358 389 3427 quique
407 3358 532 3409 universo
549 3354 609 3407 orbi
628 3363 757 3405 terrarum
774 3358 895 3423 praeest:
918 3355 958 3407 ita
979 3364 1052 3407 certe
1070 3356 1157 3407 Latini
1175 3365 1203 3408 et
1223 3356 1374 3425 perhibent

286 3435 315 3479 ot
330 3426 459 3492 credunt,
484 3442 574 3495 neque
600 3423 629 3476 id
646 3441 662 3476 a
685 3433 775 3481 cetera
792 3424 942 3493 arrogantia
968 3442 1060 3478 eorum
1076 3426 1212 3480 abhorret.
1230 3444 1291 3479 nam
1309 3446 1373 3481 oum

285 3498 426 3565 imperium
444 3500 472 3550 in
488 3505 607 3548 nostram
628 3495 722 3547 urbem
746 3496 844 3562 regiam
861 3496 1001 3561 transiret,
1026 3506 1120 3550 senatu
1137 3507 1166 3549 et
1182 3498 1307 3549 omnibus
1326 3515 1373 3549 or-

286 3568 396 3620 dinibus
415 3570 479 3620 inde
497 3569 551 3618 huo
577 3566 727 3629 traductis,
755 3566 863 3617 transiit
894 3568 975 3618 etiam
994 3568 1164 3637 episcopatus
1183 3568 1299 3637 dignitas
1312 3571 1372 3640 pri-

285 3639 375 3689 maria.
395 3655 475 3707 quem
493 3638 622 3690 honorem
645 3654 705 3687 uum
723 3638 898 3705 imperatores
915 3638 1020 3707 pridem
1040 3639 1185 3709 Cpoiitano
1203 3638 1301 3691 throno
1318 3641 1374 3691 tri-

285 3708 403 3771 buerint,
421 3717 477 3759 tum
488 3710 601 3761 maxime
617 3708 734 3775 synodus
744 3705 971 3761 Chalcedonensis
983 3710 1012 3760 in
1030 3709 1222 3779 amplissimum
1235 3710 1373 3778 fastigium

285 3779 454 3847 Cpoiitanam
466 3780 557 3830 sedem
571 3780 662 3831 evexit
672 3781 753 3849 eique
767 3795 860 3830 omnes
873 3778 944 3831 orbis
953 3788 1085 3831 terrarum
1097 3780 1213 3833 subiecit
1224 3780 1373 3832 dioeceses.

285 3849 334 3901 aed
352 3849 494 3918 illaquam
521 3849 578 3899 dixi
599 3850 749 3917 legatorum
766 3849 945 3914 contumelia,
972 3850 1091 3903 dubitari
1119 3852 1230 3921 nequit,
1249 3853 1317 3920 quia
1336 3850 1374 3903 ad

285 3936 374 3987 regem
393 3920 480 3987 ipsum
496 3921 675 3987 pertinuerit,
693 3936 749 3971 non
766 3918 829 3971 ideo
849 3922 948 3983 auium,
973 3920 1047 3992 quod
1068 3938 1113 3973 eos
1131 3922 1261 3992 pulsavit,
1277 3938 1373 3973 verum

285 3992 365 4041 eiiam
383 3988 459 4059 quod
475 4006 574 4040 novum
592 3989 745 4060 quoddam,
764 4006 818 4061 quo
837 3991 899 4043 iiior
919 3991 1054 4056 afficeret,
1079 3994 1194 4044 iniuriae
1220 3998 1304 4059 genui
1324 4010 1375 4043 ex-

285 4062 419 4129 cogitavit.
440 4060 529 4111 votuit
551 4061 623 4112 enim
646 4077 694 4123 eo,
716 4069 747 4112 ut
772 4062 877 4129 opinor,
896 4062 1059 4131 significare,
1080 4072 1181 4131 quanto
1208 4078 1296 4131 regem
1322 4062 1374 4114 de.

285 4132 390 4204 spectui
406 4130 535 4196 haberet,
554 4147 636 4202 quem
664 4132 742 4201 quasi
757 4130 869 4202 quidam
891 4132 1027 4188 semideus
1043 4135 1223 4199 semiadnuna,
1244 4142 1322 4189 tanao
1342 4132 1373 4189 in
