2984 4800
587 304 829 372 restituo.
1210 310 1252 370 xt

161 443 335 518 biblioth.
369 443 594 518 Laurentian.
623 446 726 520 Tom.
742 447 783 519 ll.
808 473 846 545 p.
862 449 947 520 otu
986 421 1035 519 it'a
1060 445 1253 520 describit:

161 565 560 662 „Animadvertendum
584 583 657 663 est,
695 571 837 668 inquit,
866 568 992 644 deesse
1025 572 1065 644 in
1094 571 1167 644 boc
1192 597 1255 662 er·

164 692 317 788 emplari
354 703 473 762 totum
507 691 582 762 lere
604 692 819 792 Prologum‚
844 692 946 766 cauus
968 707 1110 768 tantum
1135 709 1256 768 extant

164 817 293 888 ultima
317 817 445 888 verba:
478 811 603 886 τοίνυν
638 810 787 888 ἐνθένδε
814 822 878 900 τῆς
908 817 1088 917 ἱστορίας,
1106 847 1137 890 κ.
1161 845 1195 890 τ.
1220 821 1256 896 λ.

163 939 248 1010 lllox
280 939 410 1036 incipit
433 927 594 1024 Ἀλεξιὰς
625 939 760 1040 apoleri.
818 939 860 1010 Ὁ
892 939 1070 1037 βασιλεὺς
1102 937 1257 1029 Ἀλέξιος

164 1064 257 1135 ιλ
316 1065 456 1144 Desinit
478 1063 518 1136 in
542 1065 651 1139 Libro
666 1065 750 1138 XlV.
787 1067 827 1138 in
848 1066 985 1138 verbis:
1015 1063 1171 1147 καὶτὰς
1194 1061 1258 1136 δυ-

166 1187 293 1280 νάμεις
317 1189 486 1284 ἁπάσας,
512 1215 608 1287 quae
629 1188 798 1264 incidunt
814 1191 854 1262 in
869 1189 957 1264 edit.
974 1191 1084 1264 Paris.
1100 1215 1138 1286 p.
1151 1185 1259 1284 ltu,

167 1310 232 1382 uhi
258 1307 454 1384 adnotatur
485 1313 524 1384 in
557 1304 736 1411 margine:
769 1310 857 1384 “Hic
882 1312 1007 1386 delicit
1031 1310 1156 1385 Codex
1177 1315 1259 1386 Flo-

169 1432 365 1506 rentium?
415 1434 513 1506 Alius
534 1448 720 1531 praeterea
735 1432 895 1506 delectus
907 1434 1065 1506 duorum
1088 1434 1259 1508 loliorum

172 1567 250 1628 erat
272 1555 395 1653 paullo
418 1571 502 1632 ante
520 1556 631 1630 finem
651 1555 818 1652 Codicis,
841 1571 884 1630 ut
908 1582 950 1630 ex
976 1559 1140 1654 apposita
1162 1581 1260 1628 man

167 1679 278 1776 ginali
298 1695 385 1754 nota
400 1682 549 1775 eruitur,
573 1680 647 1752 ἀπὸ
666 1685 738 1754 τῶν
756 1675 824 1754 ὦδε
844 1679 1012 1752 λείπουσι
1031 1682 1161 1778 φύλλα
1182 1674 1260 1770 δύο,

171 1805 239 1900 qui
264 1802 398 1876 deinde
415 1830 529 1878 manu
544 1807 630 1877 item
651 1807 803 1903 antiqua
824 1805 1009 1903 suppletus
1035 1805 1112 1878 fuit.
1139 1802 1262 1876 Codex

169 1929 469 2000 membranaceus
488 1925 557 1998 MS.
572 1927 611 1998 in
625 1922 661 1996 ll.
686 1907 837 2022 maiori,
861 1926 962 1999 Sacc.
977 1926 1072 2021 llll,
1094 1927 1261 2000 omnium

168 2051 506 2146 praestantissimus,
520 2073 630 2146 quem
642 2049 698 2122 vel
715 2048 937 2146 descriptum
951 2049 1007 2122 rel
1021 2051 1262 2146 approbatum

170 2173 218 2244 ab
243 2174 321 2270 ipsa
332 2171 435 2246 Anna
460 2171 689 2245 doctissimus
702 2171 856 2267 Longius
879 2173 1090 2268 suspicatur.
1117 2169 1266 2244 Constat
1354 2165 1358 2173 ²

173 2296 269 2368 loliis
293 2297 433 2392 scriptis
459 2293 570 2368 210.α
631 2291 722 2368 Cum
756 2295 832 2368 boe
860 2294 1070 2366 Florentino
1095 2294 1171 2366 sire
1194 2320 1265 2392 po-

172 2418 244 2491 tius
262 2418 427 2493 Mediceo
450 2418 579 2495 codice
604 2420 698 2493 liber
723 2418 978 2493 Gronovianus
1003 2419 1053 2491 ita
1076 2420 1265 2517 congruit,

171 2556 214 2615 ut
236 2556 314 2616 tota
340 2543 518 2617 Praelatio
543 2543 722 2617 Alexiadis
753 2545 817 2617 hic
837 2531 990 2642 quoqne
1022 2542 1136 2636 desit,
1160 2568 1266 2639 prae-

173 2681 231 2740 ter
260 2670 371 2741 verba
405 2684 563 2742 extrema
585 2668 710 2743 τοίνυν
736 2666 883 2743 ἐνθένδε
915 2682 1006 2764 ete,
1035 2692 1130 2765 quae
1153 2691 1191 2763 p.
1207 2675 1266 2760 11,

177 2794 211 2860 7.
235 2789 293 2863 ed.
320 2804 432 2865 nostr.
461 2792 638 2889 leguntur.
689 2779 859 2886 Accedit,
892 2761 994 2888 quod
1019 2814 1041 2861 a
1064 2788 1151 2861 lolio
1179 2786 1266 2860 inde

174 2914 347 2985 vicesimo
374 2916 508 3010 passim
533 2928 608 2987 tam
640 2915 680 2986 in
703 2916 867 3013 margine
899 2939 1012 3011 quam
1034 2913 1130 2986 inter
1153 2912 1267 2984 lineas

172 3038 382 3109 varietatem
402 3036 549 3109 exhibet
561 3036 773 3130 lectionum,
791 3034 906 3110 modo
924 3036 1051 3108 litteris
1063 3034 1139 3127 FL,
1151 3032 1265 3105 modo

177 3159 220 3232 F.
234 3162 327 3255 solo,
353 3160 570 3235 distinctam.
599 3158 741 3251 Quibus
757 3160 884 3232 litteris
904 3160 1071 3232 codicem
1090 3157 1267 3230 Florenti·

175 3308 263 3355 nurn
284 3282 478 3381 designari,
492 3308 602 3355 nemo
617 3308 693 3355 non
709 3282 819 3363 ridet.
843 3284 991 3357 Praeter
1003 3282 1069 3354 bns
1082 3282 1268 3374 lectiones,

177 3430 295 3502 quae,
326 3407 425 3480 undo
456 3410 640 3503 venerint,
676 3410 775 3506 ipsae
812 3409 1034 3506 loquuntur,
1070 3408 1266 3481 nonnullae

176 3528 305 3621 etiam,
329 3530 485 3603 maxime
511 3556 554 3601 ex
569 3532 625 3625 iis,
652 3554 745 3627 quae
760 3530 873 3605 'lincis
887 3532 1149 3627 superscriptae
1171 3544 1266 3623 sunt,

176 3652 278 3725 omni
304 3653 483 3727 eiusmodi
509 3654 773 3753 significatione
804 3671 939 3730 carent.
991 3656 1176 3749 Quoniam
1202 3680 1268 3727 au-

179 3785 252 3845 tem
285 3775 446 3849 eandem
471 3780 581 3875 plane
614 3778 798 3856 scribendi
833 3766 1089 3874 diversitatem,
1115 3805 1158 3853 ac
1183 3779 1268 3853 reli·

177 3920 250 3992 qua
284 3922 327 3971 ex
352 3898 516 3973 llledieeo
542 3902 689 3998 heusta,
719 3929 806 4000 prae
831 3928 869 3975 se
895 3903 1035 3997 lerunt,
1059 3904 1164 3975 nihil
1176 3903 1269 3976 mibi

179 4020 404 4112 probabilius
428 4024 591 4121 ridetur,
616 4052 726 4125 quam
753 4028 820 4100 bas
851 4054 1002 4126 quoque
1028 4029 1206 4100 lectiones
1227 4052 1270 4098 cx

179 4140 311 4217 eodem
337 4146 436 4223 fonte
462 4147 638 4225 derivatas
663 4176 750 4257 esse.
784 4150 950 4259 Ceterum
976 4152 1175 4250 specimine
1203 4152 1269 4225 iste
