2984 4800
469 299 683 364 λιοκιλοιε
713 301 872 362 σανα.
902 301 935 368 o.
1173 273 1258 388 357

169 471 219 514 νυι
239 447 298 526 τάς
323 452 558 531 παρακειμένας
586 447 694 536 πόλεις
722 453 777 514 κατ’
807 450 925 533 χώρας.
980 448 1116 515 «irroret
1133 449 1193 537 γάρ
1216 449 1263 531 ῶς

168 551 285 613 έπίιιαν
306 543 390 612 ἅπαν
412 545 449 612 τό
470 547 632 634 βάρβαρον
651 548 706 613 καί
717 547 855 624 σπονδάς
874 548 1048 634 φυλάττειν
1069 551 1110 614 ου’
1126 555 1258 637 πέφυκε.
1271 567 1363 621 Ρ.υο3

167 650 262 711 τούτο
282 646 480 728 θεασάμενος
502 647 519 710 ό
530 651 689 730 Συνέσιος,
710 649 919 730 ἐπανέρχεται
939 644 1019 730 πρός
1039 647 1094 712 τόν
1114 653 1259 730 βασιλέα,

169 741 361 828 αὐτάγγελος
386 745 525 832 μηνυτὴς
556 747 690 829 γεγονῶς
716 750 772 829 τῆς
798 750 860 811 τῶν
880 750 1016 810 Σκυθῶν
1036 745 1263 832 ἀγνωμοσύνης

139 846 225 915 5καί
242 840 461 928 παραβάσεως.
511 841 568 928 τη“ν
592 843 846 910 Φιλιππούπολιν
875 846 912 909 δέ
931 843 1050 910 τούτων
1070 844 1262 928 καταλαβόν·

165 969 249 1026 των,
271 947 363 1008 τούτο
380 945 576 1028 μεμαθηκῶς
598 943 615 1009 ό
635 943 806 1026 βασιλεύς,
835 947 870 1009 έν
890 944 1051 1032 α’μηχανίη
1069 948 1261 1027 καθιλιτατο,

168 1039 362 1126 άποχραόσιις
391 1043 469 1128 πρός
486 1048 627 1108 τοσαῦτα
655 1045 763 1128 πλήθη
792 1042 837 1128 μὴ
869 1041 953 1125 ἔχων
977 1041 1146 1126 δυνάμεις,
1178 1041 1260 1108 ῶστε

167 1137 250 1216 ὅλως
270 1141 327 1225 τήν
345 1145 415 1224 μετ’
436 1143 543 1206 αύτῶν
562 1142 672 1226 μάχην
693 1145 920 1220 α’ναιλέξασθυι.
963 1141 1070 1221 ὁποῖος
1091 1148 1126 1208 δὲ
1145 1145 1262 1218 ἐκεῖνος

166 1241 202 1304 έν
225 1235 401 1323 άμηχάνοις
414 1240 533 1324 πόρους
557 1241 711 1324 εὑρίσκων
724 1244 779 1304 κατ’
796 1244 874 1324 μηδ’
888 1241 1037 1306 ὁπωσοῦν
1057 1247 1261 1306 καταπίπτειν

119 1341 201 1408 ιοέν
231 1335 454 1424 περιστάσεσιν
485 1341 623 1421 εἰωθώς,
658 1342 724 1403 δεῖν
754 1339 833 1422 ἔγνω
865 1343 907 1405 δι’
939 1334 1178 1425 ἀκροβολισμῶν
1205 1344 1262 1404 καί

155 1437 272 1521 ’λόχων
302 1436 359 1522 τὴν
380 1435 500 1503 τούτων
528 1442 700 1522 μελετῆσαι
720 1444 917 1524 καθαίρεσιν.
960 1439 1015 1505 καί
1037 1437 1117 1504 οὕτω
1140 1463 1287 1520 oropo-3

164 1534 301 1618 σάμενος
327 1541 393 1601 τῶν
422 1535 528 1602 τόπων
557 1539 613 1603 καέ
643 1542 705 1603 τῶν
725 1535 866 1620 πόλεων,
900 1536 979 1603 ἔνθα
999 1537 1257 1619 καταλαμβάνειν

164 1638 279 1702 έκεῖνοι
303 1643 426 1720 πρωΐας
445 1634 585 1718 ἔμελλον,
608 1635 707 1714 ου’τός
727 1633 864 1721 ἑσπέρας
886 1637 942 1722 τὴν
959 1637 1082 1702 τούτων
1102 1660 1256 1720 προκατε-

164 1733 324 1816 λάμβανεν
344 1732 485 1800 ἔλευσιν·
527 1737 559 1800 εἰ
578 1737 614 1800 δέ
637 1732 774 1822 ἑσπέρας
794 1737 924 1812 τούτους
945 1735 1142 1819 ἐμεμαθήκει
1161 1735 1257 1800 τόπον

117 1832 234 1900 abund
261 1839 473 1916 καταλαβεῖν,
504 1839 620 1910 ε’κεῖνος
643 1833 699 1900 τόν
719 1839 865 1901 τοιοῦτον
884 1838 1006 1920 πρωίας
1026 1833 1254 1916 κατελάμβανε.

163 1937 221 1996 καί
239 1929 283 2008 ῶς
306 1931 455 2015 δύναμις,
476 1935 517 1998 ds’
539 1935 781 2020 ἀκροβολισμῶν
795 1935 850 1998 κατ’
870 1935 974 2017 λόχων
987 1932 1155 2018 πόρρωθεν
1175 1936 1256 2018 πρός

163 2026 285 2106 αύτούς
305 2033 508 2116 α’πεμάχετυ,
539 2029 584 2109 ῶς
608 2031 653 2117 μη
687 2036 846 2119 ἐγκρατεῖς
878 2032 998 2108 αύτούς
1027 2039 1172 2116 γίνεσθαι
1193 2038 1257 2102 τῶν

163 2130 336 2218 φρουρίων.
386 2135 561 2214 κατέλαβον
591 2124 647 2196 ούν
669 2127 769 2218 cippo
796 2135 831 2196 oi
847 2155 880 2197 re
902 2130 1027 2196 Σκύθαι
1046 2135 1103 2196 καί
1124 2131 1141 2196 ό
1161 2131 1256 2198 αύτο-

163 2233 287 2314 κράτωρ
308 2229 348 2295 τά
371 2227 539 2314 Κύψελλα.
581 2233 654 2296 έπεέ
674 2233 709 2296 dl
737 2231 773 2295 τὸ
795 2228 999 2310 ἐλπιζόμενον
1020 2229 1256 2316 μισθοφορικόν

111 2322 251 2394 aonium
280 2335 447 2414 κατέλαβε,
480 2330 639 2415 γινιόσκων
671 2327 914 2416 όαύτυκράτωρ
936 2329 973 2394 τό
994 2328 1171 2415 ὀξυκίνητον
1190 2333 1255 2394 τῶν

162 2431 296 2495 Σκυθῶν
313 2434 369 2495 καί
388 2429 474 2515 όρῶν
492 2428 611 2507 αύτούς
630 2424 692 2516 ἤδη
712 2429 767 2495 κατ’
792 2430 893 2515 αύτην
911 2428 969 2514 την
988 2432 1139 2511 βασιλίδα
1158 2447 1283 2500 nora-c

162 2528 379 2614 lapidabantur
399 2532 462 2595 τῶν
483 2529 605 2595 πόλεων
626 2530 682 2611 ξύν
702 2531 797 2614 τάχει
816 2533 923 2616 πολλῷ
933 2578 943 2613 ,
964 2533 999 2595 έν
1020 2529 1183 2618 άμηχανέρ
1203 2522 1253 2613 ἦν.

235 2719 261 2787 4.
278 2714 447 2787 αὐτάγγελος
465 2717 485 2769 Ρ
502 2718 530 2768 in
551 2717 680 2784 margine,
699 2715 886 2787 αὐτάγγελτος
904 2716 941 2780 Δ,
959 2714 1179 2787 αότεπάγγελιος
1196 2714 1252 2767 PG.

233 2788 258 2839 5.
278 2786 494 2857 καταλαβόντων
508 2788 548 2839 ce
557 2826 567 2853 ,
584 2788 855 2860 καταλαμβανόντων
873 2786 927 2838 PG.
1018 2791 1043 2841 6.
1062 2788 1143 2840 τοῦτο
1159 2802 1253 2858 μεμα-

230 2850 326 2921 arada
342 2875 393 2910 om.
413 2860 442 2909 A.
527 2874 553 2924 9.
570 2858 756 2930 μηόοποσοιλν
775 2858 828 2909 PG.
848 2857 959 2910 correxi.
1043 2860 1083 2911 re.
1101 2860 1253 2928 κατέλαβον

232 2924 284 2986 οὖν
303 2930 345 2997 Α,
363 2926 629 3001 καταλαμβάνουσιν
647 2928 678 2983 dl
698 2930 736 2994 Ρ,
757 2928 788 2983 δὲ
806 2946 859 2982 om.
878 2929 912 2982 G.

159 3107 217 3152 tate
235 3098 317 3152 urhee
336 3107 472 3169 terraeque
492 3099 591 3151 vicinae
610 3098 858 3169 depopulabantur.
875 3116 937 3151 nam
955 3099 1072 3169 inquieti
1089 3098 1251 3168 plerumque

158 3169 265 3221 barbari
285 3178 356 3233 eunt,
373 3186 425 3222 nec
443 3168 553 3221 foedera
574 3186 678 3221 serrare
697 3170 796 3222 nolent.
815 3170 892 3240 quod
912 3170 959 3220 ubi
974 3170 1101 3236 Syneaiur
1117 3168 1197 3229 vidit,
1216 3166 1251 3219 ad

158 3243 347 3309 imperatorem
363 3256 499 3303 reversus,
520 3240 591 3291 ultro
610 3240 814 3309 improbitatem
834 3240 992 3308 Scytharum
1009 3249 1092 3308 atque
1110 3238 1251 3307 perfidiam

157 3312 304 3363 nuntiarit.
319 3310 522 3381 Philippopolin
541 3318 632 3361 autern
641 3328 700 3361 cum
719 3312 864 3380 imperator
877 3310 1030 3379 pervenisse
1043 3325 1089 3361 eos
1102 3309 1252 3378 comperis·

158 3391 218 3445 eet,
236 3382 308 3450 gravi
325 3384 436 3435 affectus
456 3389 499 3432 eet
523 3398 600 3446 cura;
617 3398 679 3433 nam
697 3381 824 3433 adversus
851 3389 953 3433 tantm
970 3377 1176 3432 multitudinem
1194 3396 1250 3431 non

158 3454 197 3505 ita
215 3453 358 3505 instructus
379 3461 454 3515 erat,
480 3457 512 3503 nt
540 3454 598 3503 acie
619 3451 759 3504 decertare
776 3462 876 3521 posset.
907 3459 1017 3513 tamen,
1038 3460 1069 3502 ut
1087 3450 1249 3501 eratenimo

180 3525 316 3584 recreati,
334 3539 416 3592 quem
435 3520 608 3575 difficultates
638 3540 689 3574 uec
706 3524 859 3591 frangerent
879 3521 937 3573 ullo
956 3520 1052 3581 modo,
1069 3538 1121 3572 nec
1137 3528 1250 3571 contur-

155 3540 275 3656 barent,
293 3592 498 3665 velitationibus
516 3603 598 3663 atque
616 3593 723 3645 insidiis
740 3592 919 3645 attenuandas
937 3591 1055 3643 hostiurn
1075 3592 1164 3659 copiae
1183 3608 1249 3641 cen·

156 3664 244 3717 sebar.
261 3665 354 3734 itaque
375 3663 511 3727 odoratus,
530 3680 610 3733 quem
630 3665 719 3715 locum
739 3681 853 3734 quamve
871 3662 963 3713 urbem
982 3678 1061 3713 mane
1079 3662 1125 3713 isti
1146 3660 1249 3712 adituri
1285 3723 1289 3728 ⁸

155 3742 266 3797 essent,
285 3751 316 3785 ea
335 3736 395 3803 ipae
412 3734 631 3803 praeoccupabat
648 3751 776 3805 verpera;
795 3736 838 3785 sin
854 3748 967 3801 verpere
986 3748 1032 3783 eos
1051 3734 1184 3801 comperit
1202 3732 1247 3783 lo-

155 3822 218 3857 cum
236 3813 425 3872 occrrpaturos,
447 3822 479 3857 eo
498 3806 556 3873 ipse
575 3822 654 3857 mane
672 3822 700 3857 se
718 3805 886 3856 conferebat.
907 3803 941 3853 ad
962 3802 1022 3865 hoc,
1045 3813 1176 3872 quantum
1196 3819 1249 3872 po·

154 3885 242 3939 terat,
260 3876 466 3929 velitationibus
483 3874 646 3947 insidiisque
664 3876 770 3926 eminus
789 3873 1003 3943 aggrediebatur,
1021 3890 1056 3925 ne
1070 3874 1175 3927 arcibus
1195 3891 1247 3944 po·

154 3947 282 3999 tirentur.
300 3946 340 3998 ita
356 3954 537 4017 pervenerunt
555 3948 674 4016 utrique,
694 3945 811 4012 Scythae
829 3954 912 4012 atque
932 3945 1088 4012 imperator,
1109 3961 1194 4013 usque
1212 3942 1248 3993 ad

155 4017 291 4085 Cypaella.
312 4017 360 4068 ubi
379 4034 439 4070 cunr
457 4017 505 4088 qui
517 4016 753 4086 exspectabantur,
764 4014 922 4067 mercenarii
939 4016 1040 4069 milites
1059 4015 1180 4067 nondum
1198 4010 1247 4063 ada

154 4096 256 4151 essent,
275 4088 438 4157 imperator,
468 4088 516 4159 qui
541 4088 708 4141 celeritatem
735 4085 893 4152 Scytharum
912 4086 999 4155 probe
1017 4094 1111 4139 nosset
1126 4084 1248 4136 rideret-

154 4174 208 4231 que
227 4173 273 4213 eos
289 4159 399 4213 iamiam
432 4156 466 4213 ad
489 4158 575 4230 ipram
604 4158 698 4211 urbem
728 4158 828 4227 regiam
855 4164 1049 4227 properanter,
1066 4154 1134 4225 quid
1154 4161 1248 4225 ageret
