2984 4800
507 932 758 1026 PETRI
808 929 1143 1024 POSSINI

395 1137 749 1208 nanrcarro
790 1139 860 1204 ar
895 1136 1260 1206 PRAEFATIO.

725 1313 920 1330 ..ιι-..ιιι

486 1433 693 1489 anrrrssrno
716 1393 1057 1504 'rurosrurssmoour
1081 1429 1166 1484 vrao

763 1591 804 1652 D.
846 1587 888 1649 Ι).

327 1757 656 1857 paruo
716 1734 1327 1869 saaora'aro,

566 1957 763 2020 FRANCIAE
795 1955 1119 2075 (ΞΑΝΟΕΙΜΒΙΟ11

712 2129 931 2144 ’.Ἣ

284 2265 372 2356 Non
395 2307 464 2378 eget
487 2296 570 2378 apud
582 2297 627 2357 Te
650 2296 775 2378 quidem
796 2297 973 2377 interprete
992 2305 1125 2358 vetustas
1139 2295 1211 2372 ulla,
1233 2306 1284 2355 aut
1302 2315 1380 2356 eru-

287 2405 423 2465 ditarum
448 2404 572 2465 litterae
584 2404 746 2465 Gentium:
768 2404 885 2465 Tamen
905 2403 983 2466 haec
1003 2407 1143 2467 Graecae
1161 2405 1308 2485 Princeps
1328 2404 1379 2463 fa-

289 2512 420 2575 cundiae
441 2511 527 2575 cuius
547 2532 619 2573 arce
641 2510 770 2595 dignum
789 2512 877 2595 Opus
899 2536 917 2574 e
938 2498 1074 2575 tenebris
1095 2514 1126 2573 in
1151 2512 1248 2575 lucam
1269 2513 1378 2594 publi.

287 2644 356 2683 cam
379 2642 461 2681 nunc
482 2609 623 2703 emergit,
646 2642 696 2682 me
716 2621 923 2703 interpretem
951 2620 1035 2701 apud
1057 2630 1089 2682 tc
1110 2621 1198 2683 iubet
1216 2642 1294 2699 esse,
1314 2641 1380 2681 non

287 2730 437 2790 orationis
453 2738 539 2791 certe
560 2737 614 2789 arrt
626 2730 775 2790 sermonis
796 2730 852 2807 sni,
866 2730 920 2790 ubi
937 2729 1011 2789 nihil
1025 2729 1196 2791 eruditioni
1217 2740 1289 2790 tuac
1311 2748 1376 2788 uon

288 2840 432 2921 pervium
452 2846 515 2913 est,
540 2838 592 2899 scd
612 2838 705 2899 animi
727 2840 807 2920 grati
828 2847 924 2921 atque
939 2836 1045 2914 officii,
1068 2859 1202 2920 quorum
1224 2838 1380 2919 significa.

288 2947 388 3007 tiones
406 2966 566 3030 nunquam
582 2946 651 3009 satis
671 2966 805 3031 magnas,
818 2946 952 3029 satisque
967 2945 1017 3008 vel
1032 2954 1087 3006 tuo
1103 2946 1231 3026 merito,
1245 2944 1294 3006 vel
1306 2966 1380 3006 suae

291 3054 446 3116 voluntati
468 3055 687 3137 respondentes
703 3055 797 3117 cdere
810 3075 841 3114 se
855 3053 930 3115 ullas
951 3063 1043 3136 putat
1064 3075 1160 3136 posse,
1183 3053 1382 3136 quantamvis

290 3164 462 3224 accumulet
482 3163 641 3245 plurimas.
695 3169 783 3225 Anna
814 3186 850 3223 ea
872 3170 918 3223 est
939 3162 1106 3239 Comnena,
1140 3164 1257 3224 decima
1277 3165 1383 3223 Musa-

290 3292 373 3348 rum,
394 3278 426 3329 et
438 3270 536 3331 Pallas
563 3270 712 3355 quaedam
733 3271 921 3354 Byzantinae
949 3272 1107 3347 Graeciae,
1131 3272 1217 3331 cuius
1237 3269 1383 3351 Porphy-

292 3378 452 3461 rogcnitae
472 3378 545 3439 licct
565 3400 601 3440 ac
624 3379 852 3459 primogenitae
879 3376 1071 3439 moderantis
1092 3379 1203 3441 orbem
1222 3376 1385 3459 Principis,

291 3487 315 3547 si
338 3486 405 3568 quis
429 3487 542 3569 ingenii
575 3506 649 3568 opes
679 3487 838 3563 aestimet,
861 3486 1013 3568 Augustos
1033 3485 1162 3564 natales,
1186 3493 1280 3569 atque
1301 3484 1385 3544 illam

292 3614 442 3654 citnaram
463 3614 639 3676 purpuram
661 3594 692 3653 in
713 3592 846 3654 minimis
865 3594 1055 3654 ornamentis
1072 3594 1259 3655 numerabit.
1300 3592 1386 3652 Haec

292 3701 404 3763 nullius
427 3700 620 3763 eruditarum
638 3701 723 3763 rudis
744 3701 879 3779 artium,
901 3701 1086 3781 praesertim
1107 3712 1211 3762 autem
1221 3702 1386 3782 Eloquen-

291 3809 353 3871 tiae
374 3807 530 3895 consulta3
553 3809 708 3893 religionis
730 3829 856 3892 quoque
889 3809 1032 3869 omnibus
1058 3819 1090 3870 et
1111 3808 1307 3870 hamanitatis
1326 3807 1388 3868 eli-

291 3926 374 3979 mata
397 3916 519 3991 officiis;
541 3940 577 3979 ac
600 3918 732 3981 collectis
756 3918 791 3978 iis
805 3918 999 3979 cunctis-una
1021 3918 1137 3979 floreus
1158 3916 1283 3977 dotibus
1304 3936 1386 3997 qnae

293 4027 438 4088 omnibus
466 4025 627 4087 absolvere
654 4028 789 4089 numeris
817 4046 881 4087 non
903 4026 1028 4108 Regiam
1050 4028 1228 4087 Matrooarn
1249 4023 1385 4105 quamli.

292 4132 358 4215 bet,
379 4132 432 4197 sed
454 4154 521 4199 eam
541 4144 667 4219 possent
688 4158 784 4222 qnam
802 4136 851 4199 aui
871 4135 939 4199 aevi
955 4134 1141 4198 miraculum
1157 4133 1225 4195 iure
1249 4131 1380 4203 diceres
