2984 4800
313 1123 683 1249 LUDOVICI
719 1148 1087 1248 seriorem

535 1405 860 1478 PRAEFATIO.

607 1620 797 1636 *¹*—

151 1819 294 1962 Quod
318 1865 365 1942 dc
391 1893 496 1965 cura,
521 1869 561 1942 in
584 1867 659 1942 hoc
683 1893 796 1968 opere
817 1882 855 1940 et
875 1866 1107 1944 emendando
1129 1882 1167 1941 ct
1186 1869 1245 1944 in-

150 1991 331 2068 struendo
356 2019 378 2068 a
402 2019 463 2068 me
488 1993 620 2092 posita,
644 1993 722 2092 ipsa
745 1993 856 2066 tituli.
869 1991 1131 2092 significatione
1156 2018 1246 2092 pro-

151 2117 266 2190 tessus
284 2143 378 2212 sum,
399 2117 439 2192 id
464 2119 497 2194 si
518 2118 583 2216 qui
609 2117 702 2190 sorte
724 2129 830 2190 erunt
853 2117 919 2214 qui
942 2117 1074 2189 certius
1098 2115 1245 2188 edoceri
1268 2127 1278 2179 ῖ

151 2225 326 2338 cupiant:
355 2241 561 2316 faciendum
594 2239 758 2335 videtur,
788 2253 849 2334 ut,
882 2237 975 2336 quid
1006 2238 1103 2311 haec¹
1129 2237 1244 2310 editio

153 2389 272 2439 norae
294 2364 392 2438 dotis
412 2365 567 2459 habeat,
600 2377 638 2438 ct
666 2365 800 2463 quibus
827 2362 1058 2462 potissimum
1091 2364 1199 2436 rebus
1223 2389 1245 2435 a

151 2488 318 2561 Parisina
343 2488 536 2585 discrepet,
559 2488 682 2585 paullo
707 2488 919 2585 explicatius
943 2487 1074 2561 dicam.

253 2613 295 2683 ln
320 2614 423 2685 omni
449 2612 555 2717 igitur
568 2613 786 2709 scriptorum
808 2638 978 2708 numero,
1002 2613 1068 2709 'qui
1089 2637 1145 2683 res
1170 2615 1245 2683 Im-

151 2736 249 2832 perii
285 2736 440 2818 Romani
473 2736 667 2809 Orientalic
698 2734 915 2839 prodidere,
951 2733 1052 2807 haud
1083 2736 1160 2807 scio
1198 2759 1244 2807 an

152 2862 275 2933 nullus
307 2862 469 2935 criticam
498 2886 648 2959 operam
684 2862 806 2933 minus
836 2874 1003 2957 expertus
1034 2860 1100 2957 cit,
1133 2883 1244 2963 quara

109 3070 114 3077 ¹
153 3010 251 3081 quae
277 2986 450 3079 historia,
483 2986 523 3056 in
555 2984 701 3059 laudem
731 2985 845 3057 Alexii
881 2984 1069 3080 patrissui
1093 2982 1245 3079 scripta,

152 3110 341 3203 inclaruit,
365 3108 469 3183 Anna
494 3108 692 3183 Comncna.
736 3109 895 3181 ¹Etenim
916 3108 1043 3179 Petrus
1063 3106 1246 3198 Poeticae,

152 3256 269 3330 quem
295 3246 437 3305 constat
467 3236 628 3331 primum
661 3256 702 3305 ac
723 3233 840 3303 solum
871 3231 1061 3326 hucusque
1087 3230 1246 3327 integros

151 3355 334 3429 Alexiadis
346 3358 460 3429 libros
484 3358 523 3429 in
538 3358 656 3431 lucem
682 3358 888 3453 protulisse,
907 3354 999 3427 nihii
1016 3351 1115 3427 aliud
1133 3376 1243 3449 quam

153 3480 324 3553 codicem
349 3481 597 3553 Bibliothecae
615 3481 853 3575 Barbcrinac‚
879 3503 990 3576 quem
1014 3477 1136 3550 multis
1160 3502 1246 3573 par-

152 3606 252 3677 tibus
277 3606 389 3681 Lucas
404 3606 608 3677 Holstenius
629 3630 672 3677 ex
692 3603 857 3677 Mediceo
883 3603 1128 3697 suppicvcrat,
1153 3625 1246 3699 ope-

153 3729 205 3799 ris
230 3728 506 3801 exscribendum
533 3726 648 3823 dedit,
673 3754 720 3801 ne
745 3722 1116 3821 manifestis'quidcm
1138 3736 1246 3795 nota-

154 3854 201 3925 tis
224 3854 430 3948 erroribus,
453 3854 591 3951 quippe
618 3854 682 3951 qui
710 3850 861 3925 editoris
884 3846 1031 3922 taudem
1054 3847 1177 3945 potius
1202 3872 1246 3919 ex

153 3978 366 4075 paraphrasi
402 4002 465 4049 aua
490 3978 615 4051 Latina
645 3989 796 4074 peteret.
846 3971 947 4045 ldem
968 3986 1095 4070 postea
1120 3984 1247 4050 nactus

156 4114 210 4173 eat
233 4103 378 4200 copiam
405 4101 543 4177 codicis
566 4102 756 4195 Tolosam,
788 4098 853 4197 qui
877 4098 965 4173 olim
992 4096 1113 4175 tacobi
1139 4092 1245 4167 Cuia-
