2984 4800
243 267 316 330 vlt!
556 263 753 332 tunovtct
789 263 990 332 SGHOPENi

246 409 292 478 cii
324 407 459 502 suerat3
489 432 647 504 cumque
680 433 724 479 ex
758 409 835 482 cius
867 410 1084 504 collatione,
1116 425 1158 484 ut
1188 414 1266 510 ipse
1297 417 1337 488 in

229 531 395 604 rotat.
413 531 461 604 ad
478 531 626 627 Niceph·
646 533 801 628 Bryenn.
827 559 862 630 p.
875 532 944 606 XV.
956 532 1018 617 ed.
1031 533 1146 606 Boon.
1173 539 1235 632 ait,
1258 565 1336 612 non

203 678 209 693 ·
246 653 360 726 modo
384 655 529 726 lacunas
562 655 647 728 libri
678 657 733 728 sui
759 655 848 726 editi
871 658 1072 753 supplesset
1098 684 1245 754 omnes,
1270 661 1337 733 sed

246 775 404 852 diversas
430 803 581 878 quoque
606 781 782 852 lectiones
811 779 914 852 facile
937 780 994 854 bis
1020 753 1118 853 mille
1144 797 1336 880 enotasset,

244 900 342 974 hanc
366 903 528 976 criticam
553 905 742 976 materiem
765 904 804 974 in
816 903 931 998 Notis,
954 904 1124 1002 singulari
1150 909 1335 979 volumine

112 1059 117 1066 ·
244 1025 409 1123 edendis,
433 1025 642 1102 additurum
666 1053 705 1102 se
724 1051 800 1100 esse
825 1027 1008 1127 pollicitus
1031 1042 1095 1100 est
1124 1029 1198 1101 Sed
1221 1030 1335 1103 fidem

241 1175 322 1227 non
354 1151 480 1248 solvit3
519 1175 589 1226 nec
620 1149 832 1226 adversariis
864 1152 943 1224 eius
975 1151 1067 1250 quid
1100 1153 1234 1226 iactum
1266 1155 1334 1249 sit,

245 1275 358 1372 magis
379 1271 497 1348 hodic
521 1275 728 1372 ignoratur,
761 1299 872 1373 quam
898 1299 975 1373 quo
997 1274 1114 1350 codex
1136 1277 1335 1349 Tolosanus

244 1395 321 1495 ipse
346 1397 560 1493 pervenerit
608 1397 693 1472 Mox
716 1398 756 1470 in
779 1399 1023 1494 provinciam,
1047 1424 1070 1471 a
1089 1401 1241 1472 Possino
1267 1398 1334 1473 de·

173 1594 182 1609 ,
245 1535 399 1616 sertam,
429 1521 598 1596 successit
630 1519 781 1618 quidem
804 1519 952 1594 Carolus
975 1523 1201 1620 Ducangius‚
1225 1523 1333 1620 longe

125 1666 132 1677 ·
246 1647 434 1741 omnium,
459 1647 523 1744 qui
549 1645 607 1722 his
628 1646 757 1718 litteris
782 1670 933 1743 operam
952 1660 1141 1740 naranmt,
1164 1671 1249 1718 meo
1274 1647 1333 1718 iu·
1410 1729 1416 1737 ι

246 1766 364 1863 dicio,
387 1771 576 1868 princeps:
602 1771 680 1868 qui,
704 1771 734 1841 si
756 1783 858 1842 tanta
877 1795 963 1842 cura
983 1770 1194 1868 ingeniique
1219 1769 1333 1841 solici-

243 1903 316 1966 tate
341 1895 381 1966 in
404 1895 636 1992 castigatione
657 1895 852 1966 verborum
879 1895 1109 1988 elaborasset,
1133 1905 1270 1990 quanta
1290 1893 1330 1964 in

243 2019 354 2089 rebus
380 2017 600 2116 explicandis
620 2031 777 2090 versatus
796 2029 869 2111 est,
893 2017 986 2090 nihii
1009 2014 1210 2088 admodum
1235 2015 1332 2108 aliis,

155 2208 158 2217 .
245 2140 351 2236 quod
377 2155 536 2240 agerent,
559 2141 749 2216 relicturus
767 2124 875 2214 fuisse
892 2140 1084 2214 videretur.
1132 2139 1265 2210 Verum
1290 2139 1334 2231 is,

244 2265 318 2337 sive
344 2265 593 2340 instrumentis
617 2265 665 2338 ad
690 2291 772 2339 eam
796 2290 878 2362 rem
900 2264 1109 2338 necessariis
1123 2261 1332 2356 destitutos,

244 2391 319 2463 sire
342 2391 450 2465 ctiam
483 2387 586 2488 quod
605 2391 757 2465 omnino
789 2416 812 2463 a
833 2391 957 2464 critica
989 2390 1177 2463 severitate
1209 2391 1330 2488 paullo

245 2514 400 2587 alienior
435 2526 530 2609 erat,
559 2524 677 2587 textus
706 2506 1002 2587 emendationem
1027 2512 1120 2585 adeo
1146 2538 1224 2585 non
1250 2527 1333 2586 ten-

243 2636 351 2731 tavit,
376 2650 417 2709 ut
441 2635 481 2711 in
506 2636 635 2735 amplis
659 2637 728 2710 illis
751 2650 788 2709 et
817 2636 1019 2735 magnificis
1050 2635 1239 2709 doctrinae
1271 2664 1334 2709 cx-

246 2760 501 2855 quisitissimac
526 2760 662 2858 copiis,
688 2784 781 2858 quas
812 2759 860 2835 ad
890 2757 1098 2835 Alexiadem
1132 2759 1334 2834 ornandam

194 2920 197 2931 ·
245 2880 423 2956 Cinnamo
459 2908 525 2956 suo
562 2884 766 2981 subiunxit,
789 2884 848 2955 rix
878 2883 1006 2957 decem
1035 2884 1137 2957 locos
1152 2884 1334 2982 reperias,

246 3006 443 3103 inquibus
468 3008 582 3081 critici
605 3032 757 3081 munere
781 3008 959 3107 fungatur.

345 3130 396 3201 lta
422 3155 506 3203 cum
529 3144 648 3205 toturn
673 3131 888 3205 recensendi
914 3134 1099 3230 negotium
1133 3132 1225 3203 mihi
1246 3134 1332 3204 reii-

245 3266 343 3325 ctum
369 3266 461 3326 esset
486 3256 684 3353 integrum,
714 3271 798 3328 ante
822 3257 945 3331 omnia
969 3257 1146 3329 librorum
1171 3256 1331 3329 subsidia

244 3376 520 3475 circumspicere
546 3379 670 3475 coepi,
695 3380 829 3476 quibus
849 3392 986 3453 textum
1010 3405 1033 3451 a
1056 3380 1218 3473 maculis,
1241 3404 1332 3478 quas

245 3520 288 3567 cx
313 3498 455 3573 diutino
488 3502 560 3574 situ
590 3504 720 3576 multas
750 3504 939 3601 variasque
972 3504 1096 3598 traxit,
1125 3528 1329 3600 purgarem.

245 3616 310 3691 Cui
342 3622 543 3722 desiderio,
578 3650 653 3723 quo
690 3627 810 3699 minus
844 3650 912 3723 per
944 3626 1123 3699 Alexiadis
1159 3625 1330 3697 codicum

244 3744 462 3840 paucitatem
496 3773 640 3847 sperare
670 3750 794 3843 ¹licuit,
826 3749 903 3822 sore
933 3761 975 3819 ut
1009 3750 1130 3847 aliqua
1160 3772 1203 3821 ex
1227 3760 1330 3845 parte

243 3868 327 3942 satis
351 3866 472 3955 tieret,
497 3896 542 3943 eo
567 3875 700 3969 gratius
725 3871 877 3966 accidit,
906 3884 949 3943 ut
987 3873 1149 3945 criticam
1172 3872 1329 3969 supelle-

242 3990 363 4061 ctilem
393 3993 631 4089 nanciscerer,
659 4020 753 4092 quac
767 3994 814 4067 ad
842 3996 971 4067 iustam
997 3994 1210 4089 editionem,
1236 4016 1329 4091 qua·

242 4110 315 4185 lem
339 4114 555 4210 meditabar,
579 4118 769 4192 suffectura
794 4116 987 4193 rideretur.
