2984 4800
279 317 401 378 XXXlV
677 313 793 376 PETRl
824 313 979 377 Possint
1013 318 1018 324 ’
1063 348 1077 372 ι

279 523 412 586 quarum
432 499 615 565 seutentiam
644 499 696 562 ubi
728 500 826 561 verbo
849 511 901 562 aut
928 506 1006 561 nutu
1028 497 1216 577 iudicarunt,
1237 501 1371 564 istorum

277 611 339 670 iam
361 609 520 693 negotium
542 617 603 686 est,
625 628 686 690 pro
709 631 763 668 sua
790 609 940 692 cuiusque
963 608 1120 686 facultate,
1142 617 1278 671 mentem
1298 609 1372 672 sub-

276 717 428 800 scripturi
455 715 567 779 deinde
593 716 770 798 Principis,
797 737 832 778 ex
863 717 927 778 eius
948 714 1097 800 dignitate
1127 717 1236 800 reique
1256 720 1371 780 merito

278 847 371 910 quam
404 825 559 907 aptissime
592 845 749 908 quamque
784 825 980 886 disertissimo
1004 823 1163 887 disserere.
1203 826 1372 888 Postremo

277 935 452 996 conandum
475 940 511 994 ut
531 933 643 996 Graeci
669 953 763 1017 quem
785 935 1020 1016 exprimendum
1042 953 1234 1016 susceperam
1257 933 1371 996 arche·

277 1043 346 1126 typi
366 1065 427 1102 non
448 1043 690 1125 superficiariam
720 1041 818 1102 solum
845 1041 977 1102 formam
1007 1052 1059 1104 aut
1080 1043 1192 1104 extima
1212 1043 1372 1105 dumtaxat

276 1149 462 1212 lineamenta
492 1150 606 1234 (qualia
635 1150 808 1212 virentium
842 1149 874 1210 in
899 1161 1025 1212 mortuo
1058 1159 1176 1212 restant
1206 1149 1371 1230 cadavere)

275 1259 355 1343 stylo
379 1267 549 1342 utcumque
583 1260 758 1320 assimulata
793 1257 972 1320 redderem:
1004 1279 1113 1320 rerum
1135 1259 1221 1320 illum
1244 1249 1373 1342 iusuper

274 1366 432 1449 vigentem
459 1387 495 1428 ac
528 1375 721 1451 vegetantem
749 1368 847 1444 intus,
875 1365 1068 1451 subindeque
1096 1367 1172 1428 rivis
1194 1388 1229 1429 er
1251 1388 1370 1428 arcano

275 1474 519 1537 cribrationibus
541 1476 708 1537 micantem
728 1477 856 1538 Latinae
885 1497 1013 1561 quoque
1042 1477 1225 1558 expositioni
1247 1477 1371 1558 penitus

275 1583 415 1645 inderem
437 1593 532 1668 atque
562 1583 749 1664 inhalarem,
770 1585 795 1648 si
816 1606 945 1669 possem,
968 1586 1133 1669 spiritum,
1152 1584 1238 1646 velut
1257 1585 1371 1667 ignem,

275 1691 385 1770 aiunt,
421 1693 565 1755 aetherea
600 1691 788 1756 subductum
820 1693 914 1756 domo
943 1693 1030 1755 luteo
1051 1693 1258 1758 Prometheus
1279 1693 1371 1776 operi

273 1801 405 1880 miscuit,
425 1799 503 1864 nihil
525 1799 642 1885 alioqui
666 1822 761 1886 supra
782 1823 910 1864 massam
935 1801 1026 1864 vilem
1046 1801 1211 1865 madefacti
1232 1800 1371 1884 pulveris

273 1909 391 1970 futuro.
435 1909 490 1972 His
512 1931 569 1996 ego
592 1919 643 1972 tot
663 1911 872 1991 cautionibus,
896 1919 947 1972 tot
969 1909 1311 1993 circumspectionibus,
1331 1930 1371 1972 ac

273 2013 528 2081 destinationibus
546 2028 611 2080 tam
631 2019 725 2080 variis
741 2019 980 2102 praemunitam,
1004 2018 1068 2081 imo
1089 2017 1185 2080 defire
1204 2021 1369 2096 intentam,

273 2137 368 2209 atque
389 2127 478 2188 anxie
506 2127 669 2189 sollicitam
694 2135 830 2189 mentem
849 2127 945 2189 habui
977 2139 1046 2190 tota
1069 2128 1100 2188 in
1124 2127 1286 2188 functione
1310 2126 1370 2189 de-

272 2233 410 2296 mandati
438 2235 527 2296 buius
557 2257 575 2296 a
606 2243 637 2297 te
662 2235 736 2330 mihi
768 2237 903 2297 muneris
934 2233 1193 2297 luculentissimae
1221 2233 1370 2299 historiae

271 2345 386 2404 Latinis
414 2341 552 2405 edendae
575 2342 695 2404 litteris.
747 2343 944 2427 Quamquam
973 2365 1060 2406 meae
1078 2365 1128 2406 me
1149 2344 1369 2406 imbecillitatis

272 2450 457 2512 conscientia
482 2450 610 2511 nimium
631 2450 742 2511 timere
765 2452 860 2532 cogit,
881 2472 942 2511 noo
967 2450 1062 2512 modo
1086 2474 1125 2513 ne
1146 2450 1231 2534 quod
1253 2472 1368 2535 seque-

269 2558 329 2619 bar
348 2580 410 2619 non
433 2570 613 2641 assequutus
632 2561 706 2637 sim,
728 2579 838 2619 verum
860 2560 953 2620 etiam
976 2582 1013 2619 ne
1035 2560 1065 2619 in
1086 2560 1157 2621 alias
1178 2558 1291 2621 diversi
1309 2581 1368 2642 ge.

269 2666 352 2727 neris
385 2666 639 2747 reprehensiones
670 2666 868 2727 incurrerim.
924 2668 995 2727 Scio
1018 2668 1166 2728 nimirum
1186 2668 1268 2744 scio,
1287 2666 1368 2729 haec

270 2774 309 2835 de
331 2796 391 2856 qua
414 2772 492 2852 diri,
514 2796 607 2858 quam
630 2776 799 2855 profiteor,
829 2775 927 2837 libere
950 2776 1112 2859 politeque
1135 2774 1367 2858 interpretandi

266 2898 349 2944 secta
371 2890 402 2943 et
421 2884 513 2959 ratio,
538 2883 590 2942 cui
610 2892 809 2966 quantaeque
830 2884 991 2945 offensioni
1012 2885 1147 2965 exposita
1169 2886 1209 2943 sit
1228 2884 1367 2944 tristium

268 3010 481 3057 censurarum,
525 2990 604 3051 Sunt
620 2990 674 3073 qui
697 3012 786 3052 nares
807 3000 986 3074 corrugent,
1010 2993 1064 3073 qui
1088 2991 1289 3074 superciliose
1311 3012 1366 3052 re·

269 3108 366 3158 noant
387 3100 509 3180 quoties
532 3100 670 3160 excurrit
691 3101 801 3161 Latina
824 3102 926 3162 oratio
948 3122 1043 3181 supra
1065 3102 1199 3161 Graecae
1218 3098 1366 3172 modum;

268 3208 389 3290 quoties
411 3208 541 3268 vicissim
569 3206 716 3269 fluentem
748 3210 833 3270 velut
854 3209 955 3269 sinum
978 3208 1101 3269 Asiatici
1123 3208 1272 3291 syrmatis
1296 3209 1367 3270 Ro-

267 3337 376 3377 manae
405 3316 575 3378 munditiae
604 3318 753 3379 breviore
781 3318 972 3378 succinctum
1007 3315 1088 3376 nodo
1111 3326 1240 3399 cogunt.
1286 3315 1365 3392 Quis

267 3444 372 3485 omnes
396 3436 557 3487 enumeret
579 3425 701 3486 delicias
723 3426 932 3497 fastidiorum,
957 3446 1090 3507 quarum
1113 3425 1284 3485 incensum
1307 3444 1365 3484 ve-

267 3532 357 3592 niunt
380 3536 573 3594 oscitationes
593 3535 673 3594 male
701 3534 885 3595 feriatorum
906 3533 1016 3614 supina
1040 3532 1199 3593 interdum
1219 3541 1250 3593 et
1269 3532 1366 3593 serni-

266 3640 366 3699 somni
396 3639 526 3702 lectione
556 3642 632 3702 nihil
661 3643 716 3701 uisi
747 3665 831 3702 ansas
863 3640 1026 3703 vellicandi
1059 3644 1261 3722 captantium.
1313 3640 1365 3698 hic

264 3750 425 3824 erainanero,
452 3751 550 3829 aiunt,
577 3750 690 3809 Graiae
712 3772 836 3809 acrmaen
855 3750 994 3830 argretiae
1008 3750 1151 3832 pinguem
1171 3752 1365 3830 interpretem

217 3862 226 3871 ”
265 3856 347 3914 hand
362 3860 502 3938 prtpugr't.
557 3857 637 3918 Alias
667 3859 871 3917 subsannant:
904 3858 959 3916 tat
983 3878 1074 3939 qrmm
1103 3858 1246 3939 patratum
1275 3856 1364 3913 circa

262 3962 368 4023 orbem
381 3967 483 4023 errat!
504 3972 549 4023 cst
565 3963 617 4024 ubi
628 3964 816 4049 flagitium!
838 3966 1010 4046 increpent,
1031 3964 1116 4049 qrsod
1134 3962 1250 4023 iudicio
1274 3961 1362 4041 ipso.

264 4088 335 4127 rum
357 4072 580 4150 strangulentur
598 4074 710 4133 aratoris
732 4094 838 4148 sensa,
866 4072 951 4158 qrsod
969 4086 1115 4132 ornentur
1133 4090 1229 4131 arura
1252 4069 1360 4151 plisna-

264 4174 335 4235 beis.
355 4178 437 4260 quod
446 4178 540 4239 stricti
553 4180 632 4239 sales
647 4182 866 4263 intemperanti
877 4182 1004 4241 Latt'w
1023 4183 1128 4266 copiae
1151 4176 1360 4262 superflssione
