2984 4800
290 1029 663 1125 DAVIDIS
720 1021 1270 1120 HOESCHELII

427 1225 715 1290 DEDICATIO
747 1226 810 1288 ET
835 1225 1144 1286 PRAEFATIO.

686 1395 887 1406 ..ιι-..σοι’-

400 1551 521 1606 VIRIS
550 1549 791 1605 nonninus
816 1547 868 1604 ET
894 1547 1180 1602 utus‘rntuus

326 1709 467 1770 blanco
494 1708 690 1784 Vsusnno,
711 1704 911 1782 sacraeCaer.
925 1705 967 1766 Μ.
984 1703 1163 1781 aemilia,
1185 1705 1329 1766 Ioanni

368 1817 517 1878 Iacoao
541 1817 777 1892 Rnuaonno,
798 1817 879 1897 Aug.
896 1811 1065 1877 vindetlt.
1089 1815 1160 1874 viris
1172 1813 1328 1874 Praefect.
1387 1797 1393 1806 ¹

369 1925 437 1988 VII.
463 1925 628 2008 virumque
649 1923 802 2007 Collegio,
814 1921 954 1984 Dominis
977 1943 1014 1983 ac
1035 1921 1177 1984 Patronis
1200 1919 1245 2004 pl.
1270 1919 1331 1982 ob-

365 2033 520 2096 servandis
562 2032 593 2098 S.
612 2031 646 2094 P.

244 2185 356 2304 Quod
377 2219 574 2280 Democritus
587 2219 753 2282 Abderites
773 2217 946 2301 optandum
970 2217 1096 2287 censuit,
1120 2237 1174 2277 eae
1197 2223 1232 2278 ut
1253 2216 1332 2275 ima.

245 2321 328 2401 gines
349 2317 506 2379 bominum
540 2319 604 2380 sive
626 2319 722 2381 oculis
756 2321 819 2380 sive
849 2316 957 2379 animis
980 2317 1232 2391 obversarentur,
1253 2335 1334 2399 quac

245 2418 369 2480 virtutis
393 2428 424 2480 et
448 2419 602 2481 commodi
619 2420 722 2501 polius
737 2420 875 2496 alicuius,
895 2440 991 2502 quam
1012 2419 1079 2479 uitii
1094 2426 1190 2501 atque
1210 2416 1333 2477 incom-

245 2516 331 2579 modi
354 2518 550 2580 administrae
573 2520 642 2599 ipsis
664 2529 781 2581 essent:
805 2520 836 2579 iu
852 2541 890 2580 eo
907 2518 1071 2579 ridiculum
1085 2529 1116 2580 et
1136 2517 1334 2600 superstItio..

246 2639 313 2679 sum
338 2618 422 2678 illum
443 2620 542 2695 fuisse,
568 2641 629 2679 non
645 2620 759 2679 iniuria
781 2618 873 2684 dicas.
898 2618 949 2679 Ad
971 2620 1052 2679 vitae
1075 2618 1157 2680 enim
1179 2618 1334 2679 rationem

247 2740 463 2802 quamcunque
484 2718 679 2781 laudabiliter
702 2718 888 2796 iucundam,
911 2719 986 2779 nihil
1006 2718 1093 2781 nobis
1126 2739 1204 2801 opus
1227 2727 1275 2780 cst
1294 2714 1336 2799 τῇ

245 2817 314 2879 κατ’
335 2812 465 2879 εἴδωλον
488 2820 647 2903 φαντασίᾳ
663 2820 883 2898 Democritius,
903 2842 999 2903 quum
1014 2816 1148 2899 exempla
1167 2826 1240 2878 anto
1259 2836 1337 2876 ocu-

245 2916 294 2979 los
312 2904 384 2978 viva
404 2918 544 3001 quotidIe
565 2928 749 2998 versentur,
771 2943 807 2982 ex
834 2920 1050 2982 iucundissima
1073 2920 1166 2979 etiam
1187 2915 1335 2978 historia·

248 3038 320 3078 rum
340 3018 472 3081 lectione
503 3041 596 3103 quam
621 3020 756 3101 plurima
786 3024 849 3103 peti
872 3022 1011 3103 possint:
1035 3017 1117 3080 unde
1139 3016 1215 3101 quid
1238 3015 1336 3078 deco-

248 3138 329 3195 rum,
352 3118 427 3200 quid
448 3117 638 3197 indecorum,
662 3120 735 3203 quid
757 3121 871 3183 honori
895 3132 988 3205 atque
1012 3119 1237 3195 emolumento,
1259 3113 1338 3200 quid

246 3216 433 3301 ignominiae
454 3240 489 3279 ac
512 3218 699 3281 detrimento
723 3224 873 3293 laturum,
894 3222 1111 3303 perspiciatur.

370 3318 443 3400 φεῦ,
464 3320 535 3400 φεῦ,
557 3320 589 3381 τί
606 3314 717 3380 τούτου
737 3314 849 3400 χάρμα
869 3320 976 3399 μεῖζον
1005 3314 1044 3381 ἂν
1064 3316 1191 3399 triplum

329 3414 407 3491 πρός
443 3412 659 3499 ἐπανόρθωσιν
692 3416 779 3499 ἠθῶν
813 3414 1028 3499 tremamus,-
1065 3433 1100 3482 ut
1134 3420 1335 3503 philosophus

248 3514 469 3577 Cbueronrnsis
490 3519 621 3601 pulchre
643 3530 804 3581 asseverat.
848 3522 892 3580 b'c
912 3522 1055 3581 abeamus
1077 3521 1208 3603 longius,
1228 3522 1278 3583 vcl
1302 3522 1333 3581 in

245 3612 293 3675 bis
315 3615 471 3680 Aleriados
497 3620 579 3683 VIII.
601 3620 696 3697 libris,
713 3618 807 3682 modo
830 3621 861 3679 in
883 3620 985 3681 lucem
1006 3642 1083 3705 quos
1105 3622 1233 3699 edimus,
1254 3628 1336 3704 quot

248 3726 419 3775 occurrunt
441 3719 575 3795 virtutis,
594 3728 673 3803 quot
692 3719 843 3781 vitiorum
857 3718 1015 3803 exempla!
1058 3720 1121 3781 IIos
1136 3730 1251 3795 autem,
1274 3720 1337 3782 viri

248 3814 439 3894 nobilissimi,
463 3820 497 3885 Α.
513 3820 551 3881 V.
574 3841 632 3881 cur
652 3818 802 3897 dedicem,
823 3820 894 3882 satis
915 3843 1025 3883 causae
1049 3822 1098 3883 vel
1117 3821 1180 3883 boc
1199 3843 1262 3884 esse
1281 3842 1334 3880 ar-

247 3912 361 3989 bitror,
381 3916 463 4000 quod
485 3918 523 3979 ab
554 3918 640 3982 annis
670 3919 893 4005 quinquaginta
921 3920 1049 3981 illorum
1082 3920 1180 3983 editio
1213 3918 1337 3981 aliunde

248 4026 405 4095 expectata
423 4019 483 4078 suit
503 4020 637 4099 frustra,
670 4042 688 4081 a
709 4018 808 4081 doctis
830 4041 893 4080 non
920 4022 1012 4081 semel
1032 4022 1188 4102 expetitu:
1212 4040 1295 4080 nnnc
1318 4042 1337 4081 e

246 4124 346 4177 restra
369 4118 560 4181 bibliotheca
593 4121 675 4183 eruti
705 4121 767 4197 illi,
789 4121 865 4183 iuris
896 4123 1012 4204 publici
1031 4122 1121 4184 liunt.
1165 4124 1199 4182 Iu
1222 4120 1336 4203 quibus
